3052 4854
425 397 474 458 m
500 393 711 460 sautnsn
734 394 937 459 parurn.
1162 349 1204 481 45

157 524 285 575 tationem
296 533 403 572 secutus
413 531 454 570 est
466 533 541 571 vetus
554 517 724 582 scholiastes3
736 530 816 588 atque
828 536 860 570 eo
872 518 1056 590 probaverim,
1068 523 1141 594 quod
1153 522 1206 577 hoo

156 601 217 653 loco
233 599 356 652 adulator
368 611 490 670 poetam,
504 595 636 670 hospitem
651 616 743 664 suum,
758 598 792 650 ad
805 617 884 650 omne
895 617 978 669 genus
989 619 1102 672 poeseos
1114 618 1207 657 natum

157 699 213 733 esse
223 679 305 732 debet
314 675 455 730 affirmare.

192 785 260 836 Nor.
280 783 324 836 68.
334 783 382 836 fies
389 783 498 856 prandes
508 793 592 836 nostru
605 783 651 835 alat
659 783 738 834 Musa
750 793 842 854 poetoe.
852 812 888 823 —
898 782 1028 848 Grandes,
1040 785 1077 836 aie
1088 784 1153 837 dixit
1163 807 1207 841 su·

156 867 246 936 perius
256 865 356 936 prande
369 861 472 935 aliquid
482 882 505 914 v.
526 865 564 932 14.
579 862 695 916 Sublime
709 876 734 913 et
750 861 943 914 admirandum.
956 893 992 902 —
1003 862 1097 916 Nostro
1108 864 1206 936 poetae,

157 947 174 994 i.
191 963 214 995 e.
230 958 316 1015 poetae
331 963 383 1016 quo
403 954 488 996 nostra
504 961 561 996 sese
577 945 744 1015 potissimum
762 955 824 995 etas
837 945 950 1014 jactitat.
968 972 1004 983 -
1020 944 1074 996 Dat
1088 963 1175 1014 musa,
1191 967 1208 1000 a

157 1041 230 1074 masa
244 1025 313 1075 canit
328 1025 476 1075 instinctus.

192 1127 260 1179 Nor.
278 1128 321 1197 69.
341 1128 409 1180 Ecce
426 1127 503 1180 modo
520 1127 610 1180 heroas
624 1145 711 1180 sentus
724 1125 823 1198 afferre
839 1128 963 1180 aldonus.
978 1158 1014 1169 -
1029 1132 1110 1196 Ecce,
1127 1131 1207 1187 breve

158 1208 319 1258 transitionis
329 1225 413 1277 genus
423 1225 476 1278 quo
488 1207 613 1260 libentius
625 1209 718 1258 utitur.
731 1205 829 1278 Supra,
839 1227 864 1257 v.
875 1207 924 1272 30,
935 1220 985 1259 etc.
998 1239 1033 1250 —
1042 1211 1142 1264 Heroas
1152 1231 1208 1264 sen·

156 1304 211 1353 sus,
221 1300 344 1358 potuerat
354 1287 441 1340 dicere
452 1288 540 1339 beruas
549 1305 649 1349 sensum
662 1305 722 1338 nam
733 1289 760 1338 in
770 1287 853 1338 Statio
864 1286 972 1356 legitur:
988 1289 1108 1363 alderoos
1116 1309 1209 1360 gressu

157 1379 278 1420 truncare
287 1381 423 1420 tenores·
438 1367 533 1419 Maluit
546 1365 651 1433 laetans,
661 1386 715 1438 quo
729 1366 821 1419 melius
833 1367 951 1419 inflatam
961 1369 1117 1440 scriptorum
1131 1375 1207 1424 novi-

157 1457 237 1498 tatem
246 1449 401 1499 imitaretur.
418 1448 459 1500 Sic
470 1445 543 1518 apud
555 1465 603 1499 nos
614 1465 663 1518 per
672 1446 865 1516 neologismunr
878 1447 990 1500 dicitur:
1007 1468 1043 1500 un
1057 1469 1111 1502 vers
1122 1451 1208 1522 philo·

60 1538 61 1541 ’
156 1525 243 1596 sopite.
251 1528 381 1580 Caeterum
391 1547 439 1600 per
448 1526 536 1579 lteroas
544 1545 630 1581 sensus
639 1525 763 1596 intelligit
771 1526 976 1598 epopoeam,tel
984 1547 1116 1582 summum
1124 1532 1209 1604 quod-

157 1623 209 1675 que
223 1623 307 1674 genus
323 1625 450 1678 poeseos,
466 1605 540 1678 qnod
554 1607 684 1659 affectant
699 1606 741 1660 vel
756 1610 834 1678 pueri
851 1627 865 1659 e
878 1607 976 1661 sobolis
988 1612 1157 1664 recentiores.
1171 1643 1207 1654 -

94 1691 96 1702 '
156 1682 275 1755 Afferes,
289 1687 422 1758 proferre,
437 1685 579 1738 scribendo
594 1685 681 1768 edere.

191 1792 258 1856 Nor.
283 1809 326 1863 70.
343 1794 448 1866 Napaei
460 1793 549 1847 solitos
559 1810 650 1868 qroeoe.
666 1821 700 1834 -
715 1791 833 1864 Nugari,
847 1813 897 1846 vox
913 1810 1067 1849 consecrata
1082 1818 1132 1870 pro
1145 1805 1208 1855 scri·

155 1869 217 1924 bere
227 1871 338 1925 leviores
348 1891 446 1945 nugas,
456 1873 599 1926 versiculos
607 1872 680 1925 serbi
686 1875 771 1943 gratia
778 1913 786 1940 ,
794 1887 841 1926 aut
850 1875 933 1926 simile
942 1874 1051 1948 aliquid.
1059 1907 1095 1917 -
1104 1880 1125 1930 G
1129 1897 1207 1944 maog

152 1969 264 2024 precam
279 1954 395 2024 linguam
410 1956 438 2004 in
450 1951 548 2007 sobolis
561 1952 728 2019 ediscebant,
744 1967 770 2006 et
784 1971 881 2029 qroecas
891 1957 1098 2026 compositiones
1108 1959 1207 2012 seribe-

155 2031 228 2083 bant.
242 2033 433 2101 Quintilianus,
452 2032 498 2085 lib.
515 2035 534 2084 l.
560 2035 604 2084 «a
623 2051 746 2085 sermone
757 2050 842 2106 proeco
856 2052 969 2104 puerum
985 2035 1103 2106 incipere
1119 2038 1206 2091 malo:

156 2113 218 2182 quia
228 2111 339 2180 latinus,
353 2116 398 2185 qui
407 2112 528 2185 pluribus
541 2114 568 2164 in
581 2131 633 2166 usu
644 2125 698 2178 est,
712 2111 753 2165 vel
769 2113 846 2184 nobis
860 2112 1014 2166 nolentibus
1028 2133 1057 2167 se
1066 2116 1207 2188 perbibet:

155 2190 232 2242 simul
251 2197 312 2263 quia
331 2193 476 2265 disciplinis
493 2211 601 2264 quoque
619 2195 710 2262 graecis
729 2195 803 2263 prius
822 2191 1000 2245 instituendus
1019 2208 1072 2260 est,
1091 2195 1163 2248 unde
1181 2212 1208 2249 et

156 2272 412 2336 nostrae'fluxertmt3
427 2290 483 2324 non
495 2285 583 2323 tamen
600 2271 652 2324 boc
667 2271 733 2323 adeo
748 2273 930 2341 superstitiose
944 2271 1024 2322 velim
1036 2273 1105 2339 lieri,
1117 2288 1147 2326 ut
1160 2274 1207 2328 diu

156 2361 258 2402 tantum
274 2350 399 2423 loquatur
412 2367 509 2424 proeee,
526 2363 572 2401 aut
588 2349 687 2416 discat,
705 2351 783 2402 sicuti
800 2348 933 2420 plerisque
946 2351 1026 2399 moris
1043 2364 1113 2402 est.»
1130 2352 1209 2406 Unde
1242 2412 1245 2422 Ι

156 2442 261 2480 constat
268 2430 386 2482 Persium
395 2430 437 2481 his
447 2429 547 2492 verbis,
556 2430 651 2502 nugari
658 2425 746 2480 solitos
754 2444 835 2500 qroece
842 2429 1001 2497 expressisse
1008 2445 1106 2496 pueros
1116 2434 1207 2502 primis

157 2505 249 2560 litteris
264 2506 351 2561 adbuc
365 2520 505 2580 operatos;
522 2506 596 2579 quod
608 2520 634 2558 et
646 2526 677 2558 ea
693 2519 835 2572 testantur,
848 2524 906 2577 quae
917 2519 1072 2577 sequuntur.

190 2615 259 2667 Nor.
281 2631 322 2684 70.
338 2616 393 2668 Nec
402 2631 499 2687 ponere
510 2614 599 2667 lucum
611 2611 730 2687 artifices.
743 2643 779 2654 -
790 2610 910 2686 Artifioes
919 2631 1031 2687 ponere;
1044 2635 1127 2688 greca
1140 2639 1205 2673 con-

156 2697 277 2758 structio,
283 2698 339 2767 jam
347 2697 373 2746 in
380 2694 493 2766 prologo
502 2707 603 2762 notata,
613 2695 660 2748 ubi
667 2693 764 2766 artifex
771 2694 851 2766 sequi.
859 2694 1004 2747 -Portere
1009 2716 1059 2768 pro
1068 2716 1206 2770 argumen-

148 2786 211 2828 tum
226 2787 346 2826 tractare.
360 2775 452 2826 florat.
465 2777 492 2826 in
502 2776 580 2840 Arte,
591 2775 625 2841 34
641 2793 759 2846 sparsere
770 2787 864 2827 totum.
876 2799 887 2822 a
903 2777 998 2827 luten.
1010 2777 1034 2843 l,
1047 2777 1105 2831 155.
1120 2782 1205 2834 Etiam

155 2853 189 2906 de
200 2852 465 2924 pictoribusdicitur,
476 2853 554 2906 ovid.
567 2856 598 2905 A.
613 2858 643 2906 a.
658 2855 706 2922 lll,
721 2854 782 2921 4οι.
801 2884 838 2894 -
859 2854 972 2922 luctam,
984 2874 1035 2927 pro
1050 2874 1205 2930 argumento

156 2932 274 3004 quolibet
291 2933 475 3006 descriptionis
492 2947 537 2986 aut
549 2933 749 2987 declamationis
760 2936 788 2986 in
803 2932 895 2987 schola
907 2936 997 3007 pueris
1008 2941 1158 3010 proposito.
1170 2972 1206 2982 -

156 3013 266 3080 Quintil.
276 3012 322 3066 lib.
330 3016 367 3080 ll,
376 3033 399 3066 c.
411 3013 435 3080 4.
449 3037 461 3060 ι
470 3015 539 3067 Hinc
547 3016 603 3085 jam
614 3033 679 3088 quas
691 3016 790 3086 primas
799 3015 827 3066 in
836 3013 959 3065 docendo
969 3028 1057 3086 partes
1069 3016 1205 3074 rhetorum

154 3105 260 3162 putem,
273 3092 379 3146 tradere
392 3095 537 3164 incipiam·
553 3095 636 3165 paulo
651 3095 782 3146 inferius:
801 3092 894 3164 uapud
904 3091 1038 3147 rhetorem
1054 3097 1157 3150 initium
1173 3103 1206 3154 sit

154 3171 278 3224 historica
294 3175 425 3240 narratio,
439 3187 513 3226 tanto
526 3173 675 3240 robustior,
685 3186 786 3246 quanto
796 3174 889 3224 verior.
899 3197 910 3221 ι
920 3174 1016 3246 Neque
1028 3190 1131 3250 tantum
1142 3200 1204 3233 nar-

155 3252 269 3304 rationes
278 3249 459 3318 dictabantur,
471 3253 517 3306 sed
525 3252 733 3327 descriptiones,
742 3252 827 3326 qualis
835 3266 874 3305 est
881 3253 958 3320 luti,
966 3255 1005 3307 vel
1014 3257 1097 3310 Rura.

188 3359 257 3412 Non.
278 3377 319 3430 7²·
334 3361 391 3414 Nec
405 3381 446 3414 nas
459 3373 574 3413 saturum
591 3361 707 3414 laudare.
720 3391 755 3401 -
769 3361 955 3428 Laudationes,
970 3375 999 3414 ut
1012 3362 1204 3438 descriptiones

155 3439 181 3488 in
194 3437 291 3490 scholis
307 3439 483 3492 dictabantur.
498 3469 533 3481 —
547 3441 599 3493 Ilus
609 3451 743 3506 satarum,
757 3439 869 3509 pingue,
884 3441 1011 3493 refertum
1024 3440 1103 3495 bonis
1117 3450 1204 3499 omni-

155 3513 215 3568 bns.
227 3517 372 3588 virgiliana
386 3532 425 3570 est
436 3518 545 3577 locutio.

189 3620 256 3673 Nor.
277 3641 389 3694 71-72.
407 3623 456 3676 Uti
468 3626 567 3689 corbes,
580 3622 705 3694 etfama,
717 3635 742 3676 et
751 3626 839 3695 porei,
854 3635 880 3676 et
886 3624 995 3696 fumosa
1007 3625 1108 3679 Palilia
1116 3631 1201 3701 sano.

155 3731 190 3741 --
199 3702 261 3754 Non
273 3723 322 3774 ego
336 3703 491 3758 crediderim
508 3725 569 3758 cnm
584 3704 718 3757 nonnullis
733 3705 783 3758 sibi
794 3709 965 3778 proposuisse
976 3707 1107 3777 Persium,
1122 3724 1151 3762 nt
1162 3733 1203 3766 rus

155 3791 269 3832 satanam
279 3796 306 3833 et
314 3785 370 3854 ipse
377 3797 499 3856 poneret,
509 3797 535 3836 et
546 3803 597 3856 qua
610 3785 713 3835 ratione
723 3783 826 3836 laudari
839 3782 961 3849 deberet,
973 3800 1200 3842 commonstraret.

154 3860 250 3910 Parum
262 3857 306 3912 illa
317 3862 380 3913 felix
393 3861 457 3914 mibi
468 3862 572 3915 videtur
585 3864 783 3932 interpretatio,
796 3864 956 3933 ingenioque
968 3859 1081 3913 bominis
1095 3866 1201 3921 satirico

155 3938 241 3989 minus
252 3941 458 3992 accommodata.
473 3943 545 3992 Vero
558 3939 668 3992 similius
680 3953 735 4004 est,
751 3953 858 4010 poetam
872 3936 984 3992 edidisse
999 3957 1048 4009 per
1052 3941 1145 4008 jocum
1156 3943 1200 3998 de·

156 4018 323 4086 scriptionem
334 4023 465 4073 satiricum
474 4021 606 4094 aliquam,
618 4022 646 4072 in
657 4039 708 4092 qna
717 4038 860 4091 personam
873 4037 953 4089 agens
963 4019 1039 4089 pueri
1051 4017 1200 4078 declaman-

157 4097 188 4147 tis
199 4097 327 4150 solemnes
337 4101 399 4152 istas
411 4100 561 4154 scholarum
572 4102 715 4154 sententias
727 4098 888 4170 profundat:
901 4116 1014 4168 namque
1024 4116 1065 4149 res
1073 4117 1132 4152 cum
1141 4104 1199 4156 sili·
