3052 4854
434 425 482 489 lN
507 421 720 491 SATIRAM
743 421 1012 490 SECUNDAM.
1204 453 1247 521 79

197 551 327 606 Caeterum
343 567 445 604 morem
463 549 538 603 illurn
555 547 704 601 lortunntos
722 547 779 601 dies
797 547 865 601 albis
883 547 1009 616 cnlonlis,
1027 551 1147 608 infelices
1166 557 1249 626 nigris

196 630 355 686 numerandi
363 632 478 702 riguisse
492 631 607 702 primum
619 628 693 702 apud
700 629 833 696 Thracas,
845 641 940 681 auctor
953 643 993 683 est
1003 629 1115 702 Plinius,
1127 635 1173 689 lib.
1185 637 1248 706 Vll,

196 713 241 780 qo.
255 711 312 778 llli,
324 724 405 784 prout
420 727 586 781 unaquaeque
600 708 657 762 dies
671 710 760 764 fausta
772 707 814 760 vel
828 709 945 760 inlausta
960 708 1111 779 effluxerat,
1125 713 1247 784 lapillum

196 790 238 844 vel
247 792 391 845 candidum
401 791 443 845 vel
452 793 557 862 nigrum
570 792 598 841 in
608 806 697 841 arcam
707 789 894 860 conjiciebant.
905 788 1020 854 Deinde,
1031 790 1077 841 ubi
1090 809 1176 844 annus
1188 795 1247 865 ipse

197 869 348 939 effluxerat,
363 870 473 924 calculis
488 887 519 924 ex
531 887 592 921 arca
605 870 728 921 extractis
741 868 985 939 dinumeratisque,
1003 867 1073 936 dies,
1093 873 1139 941 qni
1154 873 1245 927 felices

197 965 354 1017 evenerant,
364 953 422 1003 vitae
434 949 614 1022 apponendos,
625 949 671 1020 qui
680 967 743 1000 vero
751 949 874 1014 infausti,
887 967 933 1001 eos
946 968 960 1002 e
973 950 1025 1000 rita
1039 947 1173 1002 tollendos
1186 969 1249 1004 cen·

197 1028 300 1081 sebant.
313 1029 383 1082 Male
398 1028 506 1102 quidam
521 1027 704 1092 contendunt,
714 1027 787 1080 hunc
797 1047 899 1080 morem
910 1029 992 1082 luisse
1004 1029 1183 1098 Cretensium,
1193 1049 1248 1084 non

197 1106 344 1176 Thracum,
356 1111 422 1164 moti
433 1106 479 1160 illo
492 1109 609 1160 carmine
621 1109 739 1176 Horatii,
751 1108 803 1162 Od.
817 1111 842 1175 l,
855 1107 903 1175 36,
916 1125 962 1160 10:

399 1198 510 1240 cursans
518 1195 689 1254 emestpulclrra
697 1195 744 1240 dies
751 1203 812 1240 nota.

196 1271 265 1324 Nom
274 1270 312 1322 ibi
321 1269 406 1324 Cressa
417 1282 480 1323 nota
490 1289 545 1323 non
555 1272 686 1343 significat
695 1283 786 1325 notum
795 1272 953 1338 Cretensem,
963 1270 1011 1325 sed
1019 1271 1117 1324 albam.
1128 1271 1159 1322 ln
1169 1273 1250 1326 Creta

197 1351 267 1402 enim
278 1349 363 1404 multa
374 1364 414 1404 est
426 1365 495 1404 terra
507 1351 576 1404 alba.
590 1351 749 1404 Plutarchus
760 1353 788 1403 in
798 1352 898 1403 Pericle
911 1349 965 1404 alhi
977 1350 1030 1404 diei
1041 1350 1250 1424 appellationem

196 1428 304 1482 aliunde
318 1430 432 1497 derivat,
448 1432 561 1485 forsitan
576 1449 608 1483 ex
621 1430 728 1496 fabula,
746 1449 803 1503 qum
816 1445 904 1484 temen
916 1432 957 1485 vel
971 1432 1032 1484 licta
1044 1445 1202 1503 argumento
1216 1435 1251 1488 sit

196 1509 267 1580 apud
279 1512 352 1582 ipsos
364 1510 539 1564 Athenienses
551 1513 580 1563 in
592 1529 642 1564 usn
654 1513 735 1563 luisse
746 1510 866 1563 eumdem
874 1511 947 1564 illem
959 1511 1063 1564 dierum
1073 1514 1249 1566 notationem.

196 1615 233 1628 -
246 1591 379 1662 Apponitr
394 1591 498 1662 adjicit,
513 1591 559 1644 sed
575 1590 676 1664 aliquid
692 1589 778 1643 felicis
792 1593 861 1644 inest
874 1591 956 1643 verbo
969 1609 1115 1664 apponere,
1131 1591 1251 1645 locutio·

197 1683 248 1739 qne
263 1681 320 1720 erat
333 1669 459 1723 solemnis
474 1670 545 1724 lucro
559 1687 698 1744 apponere.
714 1671 857 1722 Venientes
869 1673 932 1723 anni
945 1673 1158 1744 apponebantur,
1173 1689 1251 1725 rece-

197 1746 289 1802 denter
304 1749 496 1803 adirnebantur.
514 1751 607 1803 Horat.
625 1750 675 1816 Od.
694 1753 725 1803 ll.
744 1749 774 1817 5,
792 1749 824 1816 14
839 1769 914 1823 sqqt

483 1833 510 1875 Et
516 1829 559 1882 illi,
567 1845 623 1887 qnos
631 1831 671 1876 tibi
678 1829 809 1888 dempserit,

483 1897 587 1954 Apponet
595 1912 674 1942 annos.

195 1993 232 2006 -
247 1967 323 2036 Tibi,
336 1970 393 2022 vitre
407 1985 458 2024 tuae
471 1975 556 2044 parti,
571 1991 650 2043 quam
665 1973 760 2025 vixisti.
772 2001 810 2012 -
820 1973 945 2026 hirenus
956 1991 1053 2040 annos,
1067 1969 1156 2044 Epith.
1171 1989 1253 2026 orna·

150 2051 152 2054 '
195 2057 239 2098 tus
248 2045 282 2098 de
292 2060 410 2119 tempore
420 2051 550 2119 fugiente,
561 2051 707 2124 fugamque
719 2051 859 2105 declarans
870 2055 1026 2106 continuam
1040 2066 1065 2105 et
1077 2051 1207 2118 celerem,
1221 2065 1251 2105 ut

196 2142 270 2198 aqnoe
280 2129 309 2178 in
321 2129 377 2179 rivo
389 2126 483 2181 leniter
495 2129 601 2182 fluente.
614 2133 707 2184 Horat.
720 2131 771 2185 Od.
784 2133 822 2190 11,
836 2133 880 2193 ¹4·
895 2147 904 2185 Ι
916 2151 972 2201 sq.r

453 2207 513 2251 Eheu
521 2207 621 2264 fugaces,
630 2205 761 2258 Posthnme,
769 2206 888 2250 Postliume
897 2239 903 2260 ,

457 2275 573 2318 heusen
582 2276 641 2316 anni
649 2306 654 2316 .
664 2305 669 2316 .
678 2306 683 2316 .
692 2305 697 2316 .

194 2345 271 2398 Orid.
281 2347 344 2400 Met.
354 2349 412 2414 XV,
423 2365 473 2417 179
481 2367 539 2420 sqq.
552 2377 588 2387 -
601 2346 746 2413 Candidus,
758 2345 835 2412 ielis,
847 2347 965 2412 faustus,
976 2365 1008 2399 eo
1017 2347 1091 2419 quod
1098 2346 1181 2419 paulo
1190 2362 1252 2404 ante

197 2438 319 2477 notatum
325 2438 373 2479 est.
381 2427 493 2497 Respice
501 2444 582 2496 snpra
589 2423 623 2477 ad
631 2425 682 2476 Sat.
692 2425 719 2491 1,
727 2438 785 2475 not.
793 2441 833 2476 vs.
846 2442 908 2477 110:
918 2439 944 2476 et
952 2425 1116 2480 0rid.Trist.
1123 2429 1157 2495 V,
1165 2429 1196 2496 5,
1207 2429 1251 2483 13:

396 2510 483 2567 Optime
489 2509 578 2562 natalis,
586 2509 686 2567 quemvis
694 2509 770 2566 procul
779 2511 896 2562 absumus,
905 2519 957 2568 opto

398 2577 511 2620 Candidus
519 2576 563 2619 hnc
572 2575 653 2619 reniae.

232 2679 300 2732 Nor.
318 2679 344 2732 3.
358 2679 450 2732 Funde
463 2697 564 2732 merum
583 2679 675 2742 Genio.
691 2679 905 2732 ——Censorinus
922 2680 964 2732 De
981 2679 1024 2732 die
1039 2680 1125 2734 natali
1143 2699 1203 2753 cap.
1223 2702 1251 2736 rr
1348 2717 1359 2737 s

200 2781 211 2805 ι
223 2760 306 2813 Genio
316 2760 481 2831 potissimum
491 2777 541 2830 per
551 2776 659 2810 omnem
671 2771 776 2811 atatem
787 2759 974 2814 sacrificamus.
987 2783 998 2809 r
1011 2759 1123 2814 Videtur
1132 2760 1177 2815 illa
1189 2765 1254 2817 meri

196 2839 307 2892 iusio'in
319 2852 401 2912 cnput
415 2841 494 2892 Genii
504 2839 575 2890 lacta
587 2839 679 2892 fuisse.
693 2835 791 2892 Tibull.
804 2836 878 2912 Eleg.
891 2844 916 2907 l,
930 2859 955 2912 7,
968 2842 1002 2914 49
1014 2861 1071 2914 sq.:

397 2927 443 2970 Huc
450 2927 541 2979 ades,et
548 2936 639 2969 centum
646 2925 723 2978 ludos,
734 2927 871 2984 Geniumque
879 2927 963 2971 choreis

427 2991 600 3046 Concelebra,et
607 2992 678 3036 multo
687 3000 786 3052 tempora
791 2995 869 3053 funde
879 3009 945 3038 mern.

197 3059 235 3112 ld.
249 3058 323 3132 Eleg.
337 3063 362 3129 l,
376 3077 403 3112 1:

397 3149 435 3192 llic
442 3163 482 3206 epo
489 3157 643 3206 pastoremque
650 3162 727 3192 meum
736 3149 829 3192 lustrare
837 3148 955 3206 quotannis

427 3217 452 3260 lit
459 3215 568 3273 placidam
576 3216 635 3260 soleo
642 3229 742 3273 spargere
750 3213 807 3260 lacre
814 3215 894 3260 Palem.
1067 3239 1085 3268 ρ

197 3290 237 3342 De
250 3288 378 3361 religione
394 3289 550 3356 Geniorum,
564 3294 654 3343 Horat.
668 3289 720 3345 Od.
736 3295 785 3358 llI,
803 3309 844 3364 17,
860 3298 891 3356 14
907 3309 979 3372 sqq3;
990 3289 1075 3364 Epist.
1090 3295 1126 3361 ll,
1142 3313 1170 3360 2,
1186 3296 1252 3366 1872

398 3381 443 3424 Scit
451 3380 623 3433 Genius,natnle
631 3393 704 3424 comes
712 3381 750 3437 qui
760 3391 867 3439 temperat
874 3392 971 3435 astrum,

398 3447 486 3491 ilatum
493 3447 890 3500 Denahumanre,mortalisinnnum

398 3515 504 3572 Quodque
512 3524 590 3570 caput,
597 3513 660 3558 vultu
666 3515 792 3570 mutabilis,
799 3516 863 3560 alliis
871 3523 893 3559 et
899 3522 956 3560 oter.

198 3587 258 3640 Vid.
272 3590 367 3662 Hepnii
383 3589 505 3643 Obss.¹et
521 3602 599 3644 notas
613 3591 641 3642 in
659 3591 779 3660 priorem
796 3591 897 3644 Tibulli
913 3590 1004 3643 locum
1016 3592 1071 3660 jam
1086 3591 1213 3656 citatum,
1228 3606 1255 3646 et

197 3667 294 3720 loann.
306 3668 392 3722 Bond.
405 3667 493 3740 (Edit.
506 3667 660 3740 Schrerel.)
673 3671 700 3722 in
712 3669 786 3724 hunc
798 3673 901 3724 Horatii
912 3669 1014 3730 locum
1029 3669 1121 3722 senec.
1133 3669 1184 3740 Fp
1193 3671 1256 3737 CX,

198 3743 332 3877 gllutqroch.
345 3750 386 3802 De
396 3748 537 3832 Oracnlor.
549 3748 668 3811 defectu3
681 3748 771 3822 Apoll.
781 3753 822 3803 De
833 3752 891 3802 Deo
903 3748 1036 3810 Socratici
1048 3745 1164 3799 Martini.
1177 3748 1253 3821 lipiq.

239 3862 250 3891 ,
299 3863 306 3876 ,
1209 3869 1211 3872 .

235 3940 303 3992 Nor.
316 3939 351 4006 3,
360 3943 384 4010 4.
404 3944 465 3995 Non
479 3956 508 3996 tu
517 3937 592 4017 prece
601 3946 684 4014 poscis
695 3947 791 4012 emaci,
806 3945 869 4015 Quoe
880 3945 931 3997 nisi
939 3939 1048 3997 seductis
1059 3957 1170 4012 nequeas
1180 3959 1251 3994 com·

199 4019 301 4072 mittere
310 4019 385 4073 diris.
396 4052 431 4062 -
439 4024 490 4076 Die
502 4023 585 4078 natali
600 4037 664 4075 rota
675 4023 905 4095 nuncupabantur
916 4041 967 4094 pm
978 4019 1161 4072 incolumitate
1174 4029 1200 4073 et
1211 4023 1250 4075 le·

200 4096 298 4152 licitare
314 4100 419 4172 relique
432 4105 499 4156 vitae.
512 4107 591 4176 Prop.
604 4105 653 4170 lll,
668 4104 698 4170 8,
713 4122 752 4157 sn.
766 4104 835 4157 lude
847 4105 927 4159 sumit
938 4101 1110 4154 occasionem
1124 4101 1247 4167 Persius,
