3052 4854
416 435 464 498 ΙΝ
491 433 701 498 stultiam
725 431 994 499 SECUNDAM.
1185 441 1227 506 83

180 559 225 616 ille
240 573 371 631 precator.
392 589 427 600 -
444 559 551 629 crepet,
569 561 707 631 strepitum
722 557 843 629 designat
856 560 934 610 rastri
950 562 1041 612 seriam
1056 573 1227 622 attrectantis.

180 670 216 681 -
223 641 310 707 Seria,
319 653 463 692 testaceum
471 657 516 690 ras
524 637 685 710 oblongum,
695 657 748 710 quo
757 641 808 690 fuit
815 636 979 691 occultatum
986 655 1136 712 arpentum,
1147 650 1231 720 quod.

181 739 234 792 quc
254 721 304 773 tuit
323 734 394 772 terra
413 719 552 783 obrutum;
572 719 660 791 qualia
679 723 821 771 etiamnum
840 719 1008 771 effudiuntur
1026 721 1178 794 aliquando.
1194 759 1231 771 .-

181 801 279 854 Dextro
287 800 402 854 Hercule
406 822 416 863 ,·
427 800 532 867 derna,
544 800 803 866 voxfeli1;st'uistra,
815 800 916 853 infelix.
929 799 1053 854 Hercules
1065 803 1231 863 recludendis

182 879 312 933 thesauris
326 897 423 951 praeses
441 878 599 946 habebatur,
617 882 685 932 sicut
702 879 850 932 Mercurius
865 892 957 952 aperto
977 878 1051 933 lucro
1070 895 1096 934 et
1111 890 1232 956 negotia-

183 962 262 1024 tioni,
271 960 342 1014 unde
349 975 375 1014 et
381 963 468 1014 Lucrii
480 961 522 1012 Dii
531 960 763 1032 nuncupabantur.
775 959 876 1013 drnob.
890 959 935 1014 lib.
946 959 995 1024 1V;
1006 961 1091 1016 Plaut.
1101 965 1233 1033 Mosteli.;

183 1039 259 1091 Diod.
278 1039 397 1106 Sicubv,
415 1059 442 1104 2;
460 1041 580 1092 Torreat.
596 1039 630 1092 ad
646 1041 718 1092 hunc
734 1039 824 1092 iocum
837 1041 951 1107 Horatii,
967 1041 1020 1093 Sat.
1036 1043 1072 1109 ll,
1084 1044 1116 1110 6,
1132 1063 1177 1097 ro:

385 1140 428 1182 Osi
437 1151 519 1180 urucas
528 1139 618 1194 arpenti
628 1137 673 1180 fors
682 1151 726 1192 qua
737 1137 791 1180 mibi
802 1147 921 1189 monstret,
930 1145 955 1180 nt
964 1137 1007 1189 itti.

316 1231 319 1238 .
387 1205 497 1247 Thesauro
506 1206 610 1250 inuento,
620 1203 657 1260 qui
665 1201 814 1246 mercenarius
822 1215 900 1258 agrum

383 1269 448 1314 tllurn
455 1269 528 1326 ipsum
536 1280 646 1314 mercatus
653 1271 733 1322 araur,
742 1269 804 1312 dives
810 1273 880 1312 amico

385 1337 492 1380 Hercule!

218 1447 283 1496 Nor.
300 1462 338 1496 12.
353 1441 526 1516 Pupiiiumve
537 1443 657 1510 utinam,
673 1461 750 1514 quem
761 1443 895 1513 pmximus
907 1445 977 1498 ireres
988 1447 1116 1520 Impello,
1132 1467 1235 1522 expuu-

181 1523 453 1598 qam.-Pupiiium,
465 1542 591 1596 puerum,
603 1523 780 1595 pecuniosum
792 1521 965 1596 plerumque,
976 1525 1025 1578 sub
1037 1531 1134 1581 tutoris
1144 1545 1236 1583 aucto·

185 1605 260 1656 ritate
270 1602 552 1671 constitutum,douec
563 1621 612 1674 per
621 1600 776 1654 etatemfiat
784 1603 907 1672 suijuris.
916 1605 994 1676 legg.
1003 1607 1050 1660 ΧΗ
1058 1608 1236 1666 Tabularum:

183 1683 213 1737 Si
223 1681 415 1757 paterfamilias
427 1685 546 1736 intestato
558 1683 678 1749 moritur,
693 1684 736 1734 cui
747 1681 865 1754 impubes
879 1703 938 1737 suus
950 1683 1022 1738 beses
1033 1688 1107 1753 escit,
1126 1703 1237 1764 aquatus

180 1765 315 1835 prosimus
329 1762 438 1816 tutelam
451 1765 578 1816 nancitor.
586 1762 648 1814 Vid.
662 1765 787 1816 Heinecc.
806 1761 839 1814 de
854 1765 918 1816 Jure
935 1783 1057 1819 romano.
1071 1768 1149 1822 Unde
1162 1775 1238 1842 prior

183 1862 279 1897 sensus
291 1844 385 1912 oritur,
401 1863 454 1915 quo
470 1856 544 1894 tutor
555 1843 688 1916 legitimus
704 1861 735 1895 ex
751 1841 809 1916 lege
824 1857 983 1914 agnatorum
997 1847 1102 1918 pupillo
1116 1851 1173 1920 ipsc
1188 1871 1237 1904 suo

183 1935 297 1974 mortem
311 1935 402 1994 optet,
413 1925 489 1992 cujus
501 1924 536 1976 sit
550 1922 621 1974 iteres
629 1923 1001 1995 proximus-Posteriorem
1013 1941 1078 1978 vero
1089 1926 1163 1980 hunc
1175 1949 1222 1982 sen

182 2021 243 2056 snas
252 2002 542 2075 nonnuliiseqnuntur:
554 2015 686 2076 captator,
696 2005 724 2055 in
732 2016 892 2056 testamento
900 2007 1017 2076 parentis
1023 2008 1159 2077 proximus
1168 2009 1239 2066 ireres
1254 2021 1256 2027 '

184 2083 240 2136 utto
252 2083 395 2152 suffactus,
410 2101 493 2154 puero
506 2095 619 2136 mortem
631 2085 800 2157 imprecatur.
813 2083 868 2151 Qui
879 2084 988 2157 quidem
1000 2089 1087 2140 minus
1100 2094 1238 2159 convenit,

185 2181 265 2235 qnam
279 2163 445 2236 precedens,
458 2183 519 2217 cum
529 2183 594 2216 voce
605 2163 771 2238 pupillares
786 2179 914 2234 praeterea
927 2168 1016 2218 minus
1025 2164 1135 2222 habebit
1145 2185 1238 2224 votum

185 2246 281 2296 comici
298 2257 325 2296 ct
338 2245 496 2316 impietatis,
511 2262 591 2316 wasa
605 2244 629 2296 si
642 2245 700 2314 ipsc
715 2255 790 2295 tutor
801 2246 826 2294 ei
838 2245 942 2296 nefaria
955 2257 1044 2316 optet,
1057 2249 1133 2315 cujus
1147 2267 1237 2304 curam

185 2326 309 2394 surrepit.
322 2324 491 2396 -Impclio3
505 2322 663 2374 translatum
677 2341 692 2372 a
706 2321 787 2372 turbu
800 2323 827 2373 in
843 2339 896 2392 qus
911 2339 969 2374 scae
983 2322 1107 2377 homiues
1121 2332 1239 2400 compri-

185 2417 274 2469 munt,
286 2421 340 2474 qno
351 2404 428 2459 citius
441 2401 656 2474 progrediantur.
668 2402 787 2454 Positum
801 2399 846 2452 hio
860 2419 921 2452 cum
933 2401 1053 2466 delectur
1068 2422 1155 2475 neque
1167 2411 1237 2460 enirn

183 2482 272 2534 solum
281 2484 357 2554 sequi
367 2483 512 2552 siguificat,
523 2481 571 2534 sed
581 2483 660 2534 etiam
670 2479 787 2533 studium
796 2479 971 2532 submovendi
981 2483 1181 2539 antecedentem
1199 2491 1239 2542 in-

184 2562 275 2614 voivit.
282 2563 493 2637 -Eapuupam
505 2560 625 2632 bietaph.
635 2558 678 2612 rel
688 2579 704 2612 a
710 2562 770 2629 jure
780 2559 862 2626 cirili,
871 2563 899 2612 in
910 2578 963 2632 qno
974 2563 996 2614 is
1007 2562 1160 2638 dispunpm
1167 2569 1238 2622 dice.

185 2644 273 2709 batnr,
281 2646 328 2716 qui
335 2643 457 2696 mutabat
466 2642 603 2715 quidpiam
613 2643 640 2714 in
649 2637 746 2693 tabulis
756 2643 918 2707 testamenti,
929 2655 954 2694 et
964 2661 1125 2717 expunqere,
1138 2651 1184 2721 qui
1193 2651 1237 2705 de.

184 2723 269 2789 iebst3
277 2723 318 2776 vel
329 2741 382 2776 are
392 2722 497 2776 militari
506 2743 513 2773 s
522 2720 619 2772 milites
629 2722 700 2772 enim
710 2722 824 2793 eapunqi
830 2720 1000 2788 dicebantur,
1007 2739 1120 2793 quorum
1129 2733 1236 2782 uomina

184 2816 247 2876 post
259 2805 412 2857 missionem
421 2816 467 2855 aut
475 2815 588 2854 mortem
596 2799 762 2854 delebantur.
777 2797 856 2852 Unde
864 2800 1014 2873 manipulos
1022 2819 1164 2876 expunctor
1173 2810 1238 2864 dixit

184 2883 301 2936 Plautus.
314 2886 353 2936 lta
365 2896 394 2936 ut
407 2899 554 2957 espuupere
564 2879 636 2934 idem
649 2879 694 2932 hic
706 2875 805 2945 valeat,
819 2897 850 2930 ac
861 2897 875 2932 e
885 2880 938 2931 vita
950 2878 1050 2934 tollere.

215 3089 276 3133 Vsa.
293 3085 329 3134 13.
340 3085 446 3149 Namque
457 3093 492 3130 sst
501 3083 617 3130 scabiosus
626 3090 650 3128 et
659 3083 709 3128 acri
720 3079 768 3126 Bito
781 3087 859 3126 mmet.
872 3103 904 3115 -·
916 3079 991 3127 liniret
1002 3079 1081 3146 8272:
1097 3087 1159 3132 Nam
1169 3099 1203 3136 cst
1214 3103 1237 3138 es

184 3158 312 3215 scabiosus,
322 3167 346 3204 et
353 3155 454 3226 orribile
464 3165 547 3208 sumt,-
555 3169 608 3219 qaae
616 3153 686 3200 lectio
694 3154 790 3198 minime
799 3151 886 3199 insulsa
895 3163 942 3208 αις
952 3155 1029 3200 semri
1037 3171 1131 3204 omnes:
1139 3175 1237 3226 rumque

183 3241 231 3289 est,
240 3243 286 3279 etc.
296 3231 449 3278 Contendunt
457 3225 564 3275 nonnulii
575 3239 655 3274 contra
664 3224 830 3271 Casanbomm
840 3221 964 3284 deflendum
977 3240 1026 3272 esse
1033 3228 1092 3273 Anu
1101 3228 1144 3276 biis
1153 3241 1236 3291 tumet,

183 3306 239 3367 qais
248 3303 357 3352 videlicet
369 3305 392 3348 in
406 3316 481 3364 greco
493 3298 597 3362 uisura
610 3291 673 3356 χολί
686 3297 785 3344 dicatm.
799 3297 887 3343 Verum
901 3307 925 3342 ct
938 3297 1018 3344 Groec'e
1030 3298 1124 3360 dicitur,
1135 3301 1235 3368 δριμιῖαγ

185 3373 258 3435 χολὴ
271 3373 328 3424 isbr
339 3372 403 3434 Ιχυν
414 3379 504 3437 (acrem
513 3370 649 3419 mutabilem
658 3368 762 3428 babere).

161 3513 165 3525 ·
221 3486 287 3536 nor.
303 3484 344 3536 13.
356 3484 478 3556 Namque
486 3491 523 3535 est
531 3480 657 3534 scabiosus
665 3478 753 3531 etacri
763 3476 820 3529 Biia
829 3487 917 3530 mmet.
931 3509 966 3518 -
979 3478 1093 3549 Adjecta
1103 3497 1143 3536 est
1155 3503 1235 3541 cansa

185 3565 360 3634 precationis,
370 3575 496 3635 tanquam
511 3559 545 3613 ab
556 3559 645 3612 animo
657 3555 789 3610 benevolo
799 3568 890 3609 votnm
902 3557 954 3610 hoc
967 3559 1149 3631 proficiscatur
1159 3586 1165 3615 r
1175 3583 1236 3618 cor-
1326 3606 1329 3614 .

184 3654 252 3715 pote
266 3645 336 3696 euim
346 3642 469 3695 morbido
479 3643 562 3694 utitur
572 3653 598 3694 et
607 3641 690 3691 vitam
700 3640 763 3690 vivit
776 3641 926 3706 insuavem,
945 3656 1026 3710 quam
1040 3640 1099 3710 ipse
1110 3642 1197 3696 libens
1209 3660 1235 3698 et

186 3721 248 3774 ielis
259 3735 344 3775 morte
353 3721 536 3774 commutabit.
544 3719 733 3782 -Scabiostss,¹
742 3737 793 3790 pro
802 3719 876 3772 omni
885 3737 914 3771 re
923 3733 1050 3790 conupta
1060 3719 1101 3772 vei
1111 3723 1181 3775 maia
1189 3744 1236 3797 po.

186 3803 258 3854 nitur
268 3804 419 3858 scabiosum.
430 3805 523 3856 Horat.
536 3802 593 3854 Art.
605 3803 677 3853 Post.
688 3819 712 3852 v.
724 3799 791 3870 417:
805 3813 943 3871 :occupet
952 3812 1096 3853 extremum
1108 3803 1209 3860 scabies.
1221 3831 1232 3856 ι

184 3883 280 3935 Juseu.
293 3883 330 3946 11,
342 3883 393 3934 80:
409 3883 510 3935 annius
521 3881 605 3934 scabie
616 3877 695 3931 cadit.
707 3902 718 3927 ι
728 3880 834 3944 Noster,
844 3880 872 3930 in
881 3883 918 3946 V,
931 3878 979 3948 74:
993 3879 1153 3933 escabiosum
1162 3882 1232 3936 far.»

185 3962 327 4014 -Etaors'
337 3961 388 4014 bile
396 3973 486 4014 tumet.
502 3963 542 4014 De
557 3961 630 4014 omni
641 3958 736 4011 morbo
748 3959 802 4011 hoc
813 3972 855 4011 est
865 3959 1081 4030 intelligendum,
1096 3964 1141 4032 qui
1154 3965 1235 4019 nimis

186 4039 246 4092 bilis
255 4037 420 4093 abundantia
433 4040 500 4094 sciet
512 4041 627 4093 excitari.
644 4037 717 4091 Plato
734 4041 760 4091 in
774 4039 888 4104 Timeo,
904 4053 969 4091 tom.
981 4041 1032 4106 IX,
1049 4039 1112 4092 edit.
1129 4043 1234 4116 Bipont.

188 4121 294 4186 Tumet,
307 4121 392 4190 ipsam
404 4119 463 4172 bilis
477 4119 668 4174 abundantiam
680 4118 787 4172 indicat.
802 4119 894 4168 Horat.
906 4118 956 4171 Od.
972 4121 996 4183 i,
1010 4120 1050 4184 13,
1061 4119 1075 4186 4
1087 4139 1143 4192 sqq.

1037 4210 1068 4273 6.
