<?xml version="1.0" encoding="UTF-8"?>
<!DOCTYPE html PUBLIC "-//W3C//DTD XHTML 1.0 Transitional//EN"
    "http://www.w3.org/TR/xhtml1/DTD/xhtml1-transitional.dtd">
<html xmlns="http://www.w3.org/1999/xhtml" xml:lang="en" lang="en">
 <head>
  <title>
</title>
<meta http-equiv="Content-Type" content="text/html;charset=utf-8" />
  <meta name='ocr-system' content='tesseract 3.04.00' />
  <meta name='ocr-capabilities' content='ocr_page ocr_carea ocr_par ocr_line ocrx_word'/>
</head>
<body>
  <div class='ocr_page' id='page_1' title='image "apersiusflaccus00perrgoog_0063.png"; bbox 0 0 3052 4854; ppageno 0'>
   <div class='ocr_carea' id='block_1_1' title="bbox 454 374 1235 470">
    <p class='ocr_par' dir='ltr' id='par_1_1' title="bbox 454 374 1235 470">
     <span class='ocr_line' id='line_1_1' title="bbox 454 374 1235 470; baseline -0.001 -31"><span class='ocrx_word' id='word_1_1' title='bbox 454 377 503 440; x_wconf 83' lang='lat' dir='ltr'><strong>iu</strong></span> <span class='ocrx_word' id='word_1_2' title='bbox 528 375 740 442; x_wconf 73' lang='lat' dir='ltr'><strong>sturnini</strong></span> <span class='ocrx_word' id='word_1_3' title='bbox 763 374 966 439; x_wconf 71' lang='lat' dir='ltr'><strong>uuluam.</strong></span> <span class='ocrx_word' id='word_1_4' title='bbox 1191 385 1235 470; x_wconf 71' lang='lat'><strong>49</strong></span> 
     </span>
    </p>
   </div>
   <div class='ocr_carea' id='block_1_2' title="bbox 184 501 1237 710">
    <p class='ocr_par' dir='ltr' id='par_1_2' title="bbox 184 501 1237 710">
     <span class='ocr_line' id='line_1_2' title="bbox 215 501 1236 572; baseline 0.007 -24"><span class='ocrx_word' id='word_1_5' title='bbox 215 509 276 554; x_wconf 60' lang='lat' dir='ltr'><strong>vin.</strong></span> <span class='ocrx_word' id='word_1_6' title='bbox 294 503 334 562; x_wconf 68' lang='grc'><strong>84.</strong></span> <span class='ocrx_word' id='word_1_7' title='bbox 345 505 406 564; x_wconf 82' lang='lat' dir='ltr'><strong>Quin</strong></span> <span class='ocrx_word' id='word_1_8' title='bbox 416 503 515 566; x_wconf 82' lang='lat' dir='ltr'><strong>tepidum</strong></span> <span class='ocrx_word' id='word_1_9' title='bbox 525 501 565 548; x_wconf 81' lang='lat' dir='ltr'><strong>boc</strong></span> <span class='ocrx_word' id='word_1_10' title='bbox 574 511 637 565; x_wconf 84' lang='lat' dir='ltr'><strong>optes</strong></span> <span class='ocrx_word' id='word_1_11' title='bbox 646 502 725 548; x_wconf 79' lang='lat' dir='ltr'><strong>audire</strong></span> <span class='ocrx_word' id='word_1_12' title='bbox 734 503 871 548; x_wconf 73' lang='lat' dir='ltr'><strong>nimum?</strong></span> <span class='ocrx_word' id='word_1_13' title='bbox 883 503 992 564; x_wconf 84' lang='lat' dir='ltr'><strong>Tepidum</strong></span> <span class='ocrx_word' id='word_1_14' title='bbox 1000 503 1072 552; x_wconf 84' lang='lat' dir='ltr'><strong>edunt</strong></span> <span class='ocrx_word' id='word_1_15' title='bbox 1082 509 1236 572; x_wconf 82' lang='lat' dir='ltr'><strong>manuscripti</strong></span> 
     </span>
     <span class='ocr_line' id='line_1_3' title="bbox 185 572 1237 640; baseline -0.003 -14"><span class='ocrx_word' id='word_1_16' title='bbox 185 579 260 626; x_wconf 70' lang='lat' dir='ltr'><strong>Codri.</strong></span> <span class='ocrx_word' id='word_1_17' title='bbox 273 589 366 633; x_wconf 64' lang='lat' dir='ltr'><strong>omnem</strong></span> <span class='ocrx_word' id='word_1_18' title='bbox 379 589 498 638; x_wconf 85' lang='lat' dir='ltr'><strong>quumque</strong></span> <span class='ocrx_word' id='word_1_19' title='bbox 509 587 601 621; x_wconf 87' lang='lat' dir='ltr'><strong>sensnm</strong></span> <span class='ocrx_word' id='word_1_20' title='bbox 612 573 697 620; x_wconf 79' lang='lat' dir='ltr'><strong>habeat</strong></span> <span class='ocrx_word' id='word_1_21' title='bbox 708 576 762 622; x_wconf 85' lang='lat' dir='ltr'><strong>satis</strong></span> <span class='ocrx_word' id='word_1_22' title='bbox 772 572 905 636; x_wconf 84' lang='lat' dir='ltr'><strong>probabile,</strong></span> <span class='ocrx_word' id='word_1_23' title='bbox 918 575 1066 623; x_wconf 77' lang='lat' dir='ltr'><strong>retinendum</strong></span> <span class='ocrx_word' id='word_1_24' title='bbox 1077 579 1167 640; x_wconf 82' lang='lat' dir='ltr'><strong>putavi.</strong></span> <span class='ocrx_word' id='word_1_25' title='bbox 1180 583 1237 628; x_wconf 72' lang='lat' dir='ltr'><strong>Tre·</strong></span> 
     </span>
     <span class='ocr_line' id='line_1_4' title="bbox 184 645 854 710; baseline -0.009 -16"><span class='ocrx_word' id='word_1_26' title='bbox 184 649 263 710; x_wconf 79' lang='lat' dir='ltr'><strong>pidum</strong></span> <span class='ocrx_word' id='word_1_27' title='bbox 272 647 396 709; x_wconf 71' lang='lat' dir='ltr'><strong>legendum</strong></span> <span class='ocrx_word' id='word_1_28' title='bbox 407 660 455 692; x_wconf 88' lang='lat' dir='ltr'><strong>esse</strong></span> <span class='ocrx_word' id='word_1_29' title='bbox 466 656 561 692; x_wconf 86' lang='lat' dir='ltr'><strong>censent</strong></span> <span class='ocrx_word' id='word_1_30' title='bbox 569 645 720 692; x_wconf 72' lang='lat' dir='ltr'>casaubonus</span> <span class='ocrx_word' id='word_1_31' title='bbox 729 656 752 691; x_wconf 85' lang='lat' dir='ltr'><strong>et</strong></span> <span class='ocrx_word' id='word_1_32' title='bbox 760 645 854 704; x_wconf 69' lang='lat' dir='ltr'><strong>Koenig.</strong></span> 
     </span>
    </p>
   </div>
   <div class='ocr_carea' id='block_1_3' title="bbox 185 751 1239 1387">
    <p class='ocr_par' dir='ltr' id='par_1_3' title="bbox 185 751 1239 1387">
     <span class='ocr_line' id='line_1_5' title="bbox 220 751 1236 824; baseline 0.006 -18"><span class='ocrx_word' id='word_1_33' title='bbox 220 755 290 806; x_wconf 84' lang='lat' dir='ltr'><strong>Nor.</strong></span> <span class='ocrx_word' id='word_1_34' title='bbox 309 753 352 819; x_wconf 78' lang='grc'><strong>84.</strong></span> <span class='ocrx_word' id='word_1_35' title='bbox 369 753 437 823; x_wconf 83' lang='lat' dir='ltr'><strong>Quin</strong></span> <span class='ocrx_word' id='word_1_36' title='bbox 452 753 565 824; x_wconf 81' lang='lat' dir='ltr'><strong>tepidum</strong></span> <span class='ocrx_word' id='word_1_37' title='bbox 581 752 629 804; x_wconf 85' lang='lat' dir='ltr'><strong>lroc</strong></span> <span class='ocrx_word' id='word_1_38' title='bbox 641 763 712 824; x_wconf 84' lang='lat' dir='ltr'><strong>optes</strong></span> <span class='ocrx_word' id='word_1_39' title='bbox 723 751 817 804; x_wconf 78' lang='lat' dir='ltr'><strong>audire</strong></span> <span class='ocrx_word' id='word_1_40' title='bbox 827 754 977 804; x_wconf 70' lang='lat' dir='ltr'><strong>neuturus?</strong></span> <span class='ocrx_word' id='word_1_41' title='bbox 987 781 1022 790; x_wconf 92' lang='lat'><strong>—</strong></span> <span class='ocrx_word' id='word_1_42' title='bbox 1033 752 1171 810; x_wconf 63' lang='lat' dir='ltr'><strong>Durum</strong></span> <span class='ocrx_word' id='word_1_43' title='bbox 1183 777 1236 813; x_wconf 85' lang='lat' dir='ltr'><strong>vox</strong></span> 
     </span>
     <span class='ocr_line' id='line_1_6' title="bbox 186 830 1235 904; baseline 0 -17"><span class='ocrx_word' id='word_1_44' title='bbox 186 845 226 887; x_wconf 86' lang='lat' dir='ltr'><strong>est</strong></span> <span class='ocrx_word' id='word_1_45' title='bbox 239 833 443 898; x_wconf 76' lang='lat' dir='ltr'><strong>admirantium,</strong></span> <span class='ocrx_word' id='word_1_46' title='bbox 457 834 496 884; x_wconf 91' lang='lat' dir='ltr'><strong>uti</strong></span> <span class='ocrx_word' id='word_1_47' title='bbox 505 832 600 903; x_wconf 71' lang='lat' dir='ltr'><strong>gallice</strong></span> <span class='ocrx_word' id='word_1_48' title='bbox 609 833 625 882; x_wconf 80' lang='grc' dir='ltr'>ὰ</span> <span class='ocrx_word' id='word_1_49' title='bbox 635 831 782 893; x_wconf 84' lang='lat' dir='ltr'><strong>merveille,·</strong></span> <span class='ocrx_word' id='word_1_50' title='bbox 795 833 959 903; x_wconf 79' lang='lat' dir='ltr'><strong>poniturque</strong></span> <span class='ocrx_word' id='word_1_51' title='bbox 970 830 1063 882; x_wconf 86' lang='lat' dir='ltr'><strong>eadem</strong></span> <span class='ocrx_word' id='word_1_52' title='bbox 1074 836 1192 904; x_wconf 86' lang='lat' dir='ltr'><strong>ratione,</strong></span> <span class='ocrx_word' id='word_1_53' title='bbox 1203 859 1235 892; x_wconf 80' lang='lat' dir='ltr'><strong>ac</strong></span> 
     </span>
     <span class='ocr_line' id='line_1_7' title="bbox 186 909 1235 986; baseline 0.005 -21"><span class='ocrx_word' id='word_1_54' title='bbox 186 931 268 985; x_wconf 84' lang='lat' dir='ltr'><strong>supra</strong></span> <span class='ocrx_word' id='word_1_55' title='bbox 279 930 348 966; x_wconf 80' lang='lat' dir='ltr'><strong>nucu</strong></span> <span class='ocrx_word' id='word_1_56' title='bbox 361 927 387 966; x_wconf 89' lang='lat' dir='ltr'><strong>et</strong></span> <span class='ocrx_word' id='word_1_57' title='bbox 399 930 475 966; x_wconf 75' lang='lat' dir='ltr'><strong>amin</strong></span> <span class='ocrx_word' id='word_1_58' title='bbox 486 915 573 984; x_wconf 84' lang='lat' dir='ltr'><strong>posita</strong></span> <span class='ocrx_word' id='word_1_59' title='bbox 584 925 653 964; x_wconf 87' lang='lat' dir='ltr'><strong>aunt.</strong></span> <span class='ocrx_word' id='word_1_60' title='bbox 661 942 698 952; x_wconf 93' lang='lat'>—</span> <span class='ocrx_word' id='word_1_61' title='bbox 707 911 835 984; x_wconf 81' lang='lat' dir='ltr'><strong>Tepidum</strong></span> <span class='ocrx_word' id='word_1_62' title='bbox 847 911 956 983; x_wconf 82' lang='lat' dir='ltr'><strong>proprie</strong></span> <span class='ocrx_word' id='word_1_63' title='bbox 965 909 1064 964; x_wconf 87' lang='lat' dir='ltr'><strong>dicitur</strong></span> <span class='ocrx_word' id='word_1_64' title='bbox 1075 913 1108 964; x_wconf 88' lang='lat' dir='ltr'><strong>de</strong></span> <span class='ocrx_word' id='word_1_65' title='bbox 1117 931 1150 966; x_wconf 89' lang='lat' dir='ltr'><strong>eo</strong></span> <span class='ocrx_word' id='word_1_66' title='bbox 1159 920 1235 986; x_wconf 82' lang='lat' dir='ltr'><strong>cujus</strong></span> 
     </span>
     <span class='ocr_line' id='line_1_8' title="bbox 186 989 1236 1066; baseline 0.004 -22"><span class='ocrx_word' id='word_1_67' title='bbox 186 992 424 1057; x_wconf 84' lang='lat' dir='ltr'><strong>ardordeferbuit;</strong></span> <span class='ocrx_word' id='word_1_68' title='bbox 437 991 600 1063; x_wconf 75' lang='lat' dir='ltr'><strong>significabit</strong></span> <span class='ocrx_word' id='word_1_69' title='bbox 615 991 696 1062; x_wconf 69' lang='lat' dir='ltr'><strong>igitur</strong></span> <span class='ocrx_word' id='word_1_70' title='bbox 708 989 890 1062; x_wconf 71' lang='lat' dir='ltr'><strong>metaphorice</strong></span> <span class='ocrx_word' id='word_1_71' title='bbox 905 989 1049 1060; x_wconf 70' lang='lat' dir='ltr'><strong>frigidum,</strong></span> <span class='ocrx_word' id='word_1_72' title='bbox 1064 991 1236 1066; x_wconf 74' lang='lat' dir='ltr'><strong>languidum,</strong></span> 
     </span>
     <span class='ocr_line' id='line_1_9' title="bbox 187 1073 1238 1144; baseline 0.004 -18"><span class='ocrx_word' id='word_1_73' title='bbox 187 1073 261 1144; x_wconf 90' lang='lat' dir='ltr'><strong>quod</strong></span> <span class='ocrx_word' id='word_1_74' title='bbox 270 1092 398 1126; x_wconf 88' lang='lat' dir='ltr'><strong>nauseam</strong></span> <span class='ocrx_word' id='word_1_75' title='bbox 409 1087 522 1126; x_wconf 81' lang='lat' dir='ltr'><strong>moveat.</strong></span> <span class='ocrx_word' id='word_1_76' title='bbox 533 1073 620 1140; x_wconf 84' lang='lat' dir='ltr'><strong>Quum</strong></span> <span class='ocrx_word' id='word_1_77' title='bbox 630 1091 680 1142; x_wconf 81' lang='lat' dir='ltr'><strong>ego</strong></span> <span class='ocrx_word' id='word_1_78' title='bbox 691 1073 937 1143; x_wconf 80' lang='lat' dir='ltr'><strong>interpretationem</strong></span> <span class='ocrx_word' id='word_1_79' title='bbox 949 1086 1057 1126; x_wconf 81' lang='lat' dir='ltr'><strong>secutus</strong></span> <span class='ocrx_word' id='word_1_80' title='bbox 1067 1091 1134 1126; x_wconf 90' lang='lat' dir='ltr'><strong>sum.</strong></span> <span class='ocrx_word' id='word_1_81' title='bbox 1145 1074 1238 1130; x_wconf 82' lang='lat' dir='ltr'><strong>Altera</strong></span> 
     </span>
     <span class='ocr_line' id='line_1_10' title="bbox 185 1151 1239 1226; baseline 0.005 -23"><span class='ocrx_word' id='word_1_82' title='bbox 185 1170 249 1206; x_wconf 78' lang='lat' dir='ltr'><strong>aero</strong></span> <span class='ocrx_word' id='word_1_83' title='bbox 260 1165 349 1226; x_wconf 85' lang='lat' dir='ltr'><strong>potest</strong></span> <span class='ocrx_word' id='word_1_84' title='bbox 361 1153 472 1206; x_wconf 78' lang='lat' dir='ltr'><strong>admitti.</strong></span> <span class='ocrx_word' id='word_1_85' title='bbox 489 1153 616 1224; x_wconf 81' lang='lat' dir='ltr'><strong>Tepidum</strong></span> <span class='ocrx_word' id='word_1_86' title='bbox 633 1153 719 1223; x_wconf 87' lang='lat' dir='ltr'><strong>accipi</strong></span> <span class='ocrx_word' id='word_1_87' title='bbox 731 1165 821 1223; x_wconf 87' lang='lat' dir='ltr'><strong>potest</strong></span> <span class='ocrx_word' id='word_1_88' title='bbox 832 1165 862 1206; x_wconf 89' lang='lat' dir='ltr'><strong>ut</strong></span> <span class='ocrx_word' id='word_1_89' title='bbox 874 1151 954 1204; x_wconf 86' lang='lat' dir='ltr'><strong>molle</strong></span> <span class='ocrx_word' id='word_1_90' title='bbox 969 1170 1000 1203; x_wconf 86' lang='lat' dir='ltr'><strong>ac</strong></span> <span class='ocrx_word' id='word_1_91' title='bbox 1013 1164 1147 1220; x_wconf 83' lang='lat' dir='ltr'><strong>tenerum,</strong></span> <span class='ocrx_word' id='word_1_92' title='bbox 1160 1153 1239 1208; x_wconf 74' lang='lat' dir='ltr'><strong>blan·</strong></span> 
     </span>
     <span class='ocr_line' id='line_1_11' title="bbox 186 1229 1237 1306; baseline 0.005 -23"><span class='ocrx_word' id='word_1_93' title='bbox 186 1229 265 1299; x_wconf 90' lang='lat' dir='ltr'><strong>dum,</strong></span> <span class='ocrx_word' id='word_1_94' title='bbox 279 1233 386 1298; x_wconf 71' lang='lat' dir='ltr'><strong>farentu</strong></span> <span class='ocrx_word' id='word_1_95' title='bbox 400 1235 437 1286; x_wconf 87' lang='lat' dir='ltr'><strong>sic</strong></span> <span class='ocrx_word' id='word_1_96' title='bbox 448 1231 519 1285; x_wconf 88' lang='lat' dir='ltr'><strong>enim</strong></span> <span class='ocrx_word' id='word_1_97' title='bbox 532 1245 619 1303; x_wconf 83' lang='lat' dir='ltr'><strong>tepens</strong></span> <span class='ocrx_word' id='word_1_98' title='bbox 629 1245 774 1301; x_wconf 87' lang='lat' dir='ltr'><strong>usurpatur</strong></span> <span class='ocrx_word' id='word_1_99' title='bbox 787 1231 859 1303; x_wconf 87' lang='lat' dir='ltr'><strong>apud</strong></span> <span class='ocrx_word' id='word_1_100' title='bbox 871 1232 949 1286; x_wconf 81' lang='lat' dir='ltr'><strong>Ouid.</strong></span> <span class='ocrx_word' id='word_1_101' title='bbox 960 1233 1067 1286; x_wconf 87' lang='lat' dir='ltr'><strong>Metam.</strong></span> <span class='ocrx_word' id='word_1_102' title='bbox 1083 1237 1111 1300; x_wconf 88' lang='lat'><strong>1,</strong></span> <span class='ocrx_word' id='word_1_103' title='bbox 1124 1252 1182 1306; x_wconf 89' lang='lat'>¹⁰7·</span> <span class='ocrx_word' id='word_1_104' title='bbox 1197 1239 1237 1288; x_wconf 85' lang='lat' dir='ltr'><strong>lta</strong></span> 
     </span>
     <span class='ocr_line' id='line_1_12' title="bbox 185 1311 1237 1387; baseline 0.005 -23"><span class='ocrx_word' id='word_1_105' title='bbox 185 1314 273 1384; x_wconf 87' lang='lat' dir='ltr'><strong>possis</strong></span> <span class='ocrx_word' id='word_1_106' title='bbox 288 1314 457 1384; x_wconf 89' lang='lat' dir='ltr'><strong>interpretari</strong></span> <span class='ocrx_word' id='word_1_107' title='bbox 473 1313 522 1366; x_wconf 82' lang='lat' dir='ltr'><strong>lroc</strong></span> <span class='ocrx_word' id='word_1_108' title='bbox 534 1313 792 1382; x_wconf 80' lang='lat' dir='ltr'><strong>tepidumnscnsrna</strong></span> <span class='ocrx_word' id='word_1_109' title='bbox 809 1334 815 1362; x_wconf 91' lang='lat'>:</span> <span class='ocrx_word' id='word_1_110' title='bbox 834 1311 903 1364; x_wconf 76' lang='lat' dir='ltr'><strong>liam</strong></span> <span class='ocrx_word' id='word_1_111' title='bbox 915 1331 1002 1364; x_wconf 86' lang='lat' dir='ltr'><strong>uocem</strong></span> <span class='ocrx_word' id='word_1_112' title='bbox 1014 1329 1161 1384; x_wconf 74' lang='lat' dir='ltr'><strong>nausicaa,</strong></span> <span class='ocrx_word' id='word_1_113' title='bbox 1179 1331 1237 1387; x_wconf 74' lang='lat' dir='ltr'><strong>quor</strong></span> 
     </span>
    </p>
   </div>
   <div class='ocr_carea' id='block_1_4' title="bbox 186 1391 655 1446">
    <p class='ocr_par' dir='ltr' id='par_1_4' title="bbox 186 1391 655 1446">
     <span class='ocr_line' id='line_1_13' title="bbox 186 1391 655 1446; baseline -0.004 0"><span class='ocrx_word' id='word_1_114' title='bbox 186 1400 243 1446; x_wconf 72' lang='lat' dir='ltr'><strong>bras</strong></span> <span class='ocrx_word' id='word_1_115' title='bbox 255 1411 328 1446; x_wconf 83' lang='lat' dir='ltr'><strong>aures</strong></span> <span class='ocrx_word' id='word_1_116' title='bbox 342 1404 395 1446; x_wconf 84' lang='lat' dir='ltr'><strong>tam</strong></span> <span class='ocrx_word' id='word_1_117' title='bbox 411 1392 506 1446; x_wconf 78' lang='lat' dir='ltr'><strong>blande</strong></span> <span class='ocrx_word' id='word_1_118' title='bbox 519 1391 655 1446; x_wconf 75' lang='lat' dir='ltr'><strong>demulcet.</strong></span> 
     </span>
    </p>
   </div>
   <div class='ocr_carea' id='block_1_5' title="bbox 183 1521 1239 2630">
    <p class='ocr_par' dir='ltr' id='par_1_5' title="bbox 183 1521 1239 2630">
     <span class='ocr_line' id='line_1_14' title="bbox 221 1521 1239 1596; baseline 0.007 -22"><span class='ocrx_word' id='word_1_119' title='bbox 221 1521 290 1577; x_wconf 79' lang='lat' dir='ltr'><strong>Non.</strong></span> <span class='ocrx_word' id='word_1_120' title='bbox 311 1523 354 1578; x_wconf 87' lang='grc'><strong>85.</strong></span> <span class='ocrx_word' id='word_1_121' title='bbox 370 1521 475 1590; x_wconf 83' lang='lat' dir='ltr'><strong>Fures,</strong></span> <span class='ocrx_word' id='word_1_122' title='bbox 494 1522 532 1573; x_wconf 83' lang='lat' dir='ltr'><strong>uit</strong></span> <span class='ocrx_word' id='word_1_123' title='bbox 540 1522 630 1576; x_wconf 83' lang='lat' dir='ltr'><strong>Pedio.</strong></span> <span class='ocrx_word' id='word_1_124' title='bbox 642 1521 739 1575; x_wconf 84' lang='lat' dir='ltr'><strong>Pedius</strong></span> <span class='ocrx_word' id='word_1_125' title='bbox 750 1521 829 1596; x_wconf 80' lang='lat' dir='ltr'><strong>quid?</strong></span> <span class='ocrx_word' id='word_1_126' title='bbox 842 1523 955 1574; x_wconf 84' lang='lat' dir='ltr'><strong>crimina</strong></span> <span class='ocrx_word' id='word_1_127' title='bbox 971 1522 1031 1576; x_wconf 81' lang='lat' dir='ltr'><strong>rasis</strong></span> <span class='ocrx_word' id='word_1_128' title='bbox 1044 1523 1135 1578; x_wconf 74' lang='lat' dir='ltr'><strong>librat</strong></span> <span class='ocrx_word' id='word_1_129' title='bbox 1148 1527 1176 1579; x_wconf 84' lang='lat' dir='ltr'><strong>iu</strong></span> <span class='ocrx_word' id='word_1_130' title='bbox 1190 1550 1239 1582; x_wconf 46' lang='lat' dir='ltr'><strong>an¹</strong></span> 
     </span>
     <span class='ocr_line' id='line_1_15' title="bbox 186 1600 1237 1674; baseline 0.006 -18"><span class='ocrx_word' id='word_1_131' title='bbox 186 1603 292 1658; x_wconf 75' lang='lat' dir='ltr'><strong>timetis.</strong></span> <span class='ocrx_word' id='word_1_132' title='bbox 310 1633 347 1644; x_wconf 91' lang='lat'>-</span> <span class='ocrx_word' id='word_1_133' title='bbox 361 1604 424 1672; x_wconf 86' lang='lat' dir='ltr'><strong>Ait,</strong></span> <span class='ocrx_word' id='word_1_134' title='bbox 440 1600 553 1656; x_wconf 83' lang='lat' dir='ltr'><strong>subaud.</strong></span> <span class='ocrx_word' id='word_1_135' title='bbox 570 1601 681 1674; x_wconf 89' lang='lat' dir='ltr'><strong>aliquis,</strong></span> <span class='ocrx_word' id='word_1_136' title='bbox 699 1616 747 1655; x_wconf 84' lang='lat' dir='ltr'><strong>aut</strong></span> <span class='ocrx_word' id='word_1_137' title='bbox 761 1615 909 1655; x_wconf 87' lang='lat' dir='ltr'><strong>accusator.</strong></span> <span class='ocrx_word' id='word_1_138' title='bbox 923 1633 960 1646; x_wconf 86' lang='lat'><strong>·-</strong></span> <span class='ocrx_word' id='word_1_139' title='bbox 972 1603 1063 1656; x_wconf 87' lang='lat' dir='ltr'><strong>Pedio.</strong></span> <span class='ocrx_word' id='word_1_140' title='bbox 1076 1607 1172 1659; x_wconf 89' lang='lat' dir='ltr'><strong>Utrum</strong></span> <span class='ocrx_word' id='word_1_141' title='bbox 1183 1607 1237 1664; x_wconf 85' lang='lat' dir='ltr'><strong>boe</strong></span> 
     </span>
     <span class='ocr_line' id='line_1_16' title="bbox 186 1681 1237 1758; baseline 0.009 -24"><span class='ocrx_word' id='word_1_142' title='bbox 186 1698 284 1736; x_wconf 86' lang='lat' dir='ltr'><strong>nomen</strong></span> <span class='ocrx_word' id='word_1_143' title='bbox 301 1697 420 1756; x_wconf 89' lang='lat' dir='ltr'><strong>ponatur</strong></span> <span class='ocrx_word' id='word_1_144' title='bbox 436 1683 465 1735; x_wconf 89' lang='lat' dir='ltr'><strong>in</strong></span> <span class='ocrx_word' id='word_1_145' title='bbox 478 1683 632 1736; x_wconf 84' lang='lat' dir='ltr'><strong>universum</strong></span> <span class='ocrx_word' id='word_1_146' title='bbox 648 1701 698 1754; x_wconf 91' lang='lat' dir='ltr'><strong>pro</strong></span> <span class='ocrx_word' id='word_1_147' title='bbox 715 1683 824 1734; x_wconf 91' lang='lat' dir='ltr'><strong>nomine</strong></span> <span class='ocrx_word' id='word_1_148' title='bbox 840 1681 960 1754; x_wconf 90' lang='lat' dir='ltr'><strong>quolibet</strong></span> <span class='ocrx_word' id='word_1_149' title='bbox 978 1682 1043 1735; x_wconf 90' lang='lat' dir='ltr'><strong>mali</strong></span> <span class='ocrx_word' id='word_1_150' title='bbox 1057 1689 1187 1758; x_wconf 85' lang='lat' dir='ltr'><strong>oratoris,</strong></span> <span class='ocrx_word' id='word_1_151' title='bbox 1201 1709 1237 1742; x_wconf 87' lang='lat' dir='ltr'><strong>an</strong></span> 
     </span>
     <span class='ocr_line' id='line_1_17' title="bbox 184 1760 1238 1839; baseline 0.006 -23"><span class='ocrx_word' id='word_1_152' title='bbox 184 1765 323 1836; x_wconf 87' lang='lat' dir='ltr'><strong>proprium</strong></span> <span class='ocrx_word' id='word_1_153' title='bbox 337 1765 372 1816; x_wconf 89' lang='lat' dir='ltr'><strong>sit</strong></span> <span class='ocrx_word' id='word_1_154' title='bbox 382 1764 449 1816; x_wconf 87' lang='lat' dir='ltr'><strong>certi</strong></span> <span class='ocrx_word' id='word_1_155' title='bbox 462 1760 601 1835; x_wconf 87' lang='lat' dir='ltr'><strong>cujusdam</strong></span> <span class='ocrx_word' id='word_1_156' title='bbox 613 1760 743 1830; x_wconf 87' lang='lat' dir='ltr'><strong>bominis,</strong></span> <span class='ocrx_word' id='word_1_157' title='bbox 759 1763 869 1834; x_wconf 70' lang='lat' dir='ltr'><strong>quaestio</strong></span> <span class='ocrx_word' id='word_1_158' title='bbox 884 1776 933 1815; x_wconf 89' lang='lat' dir='ltr'><strong>est.</strong></span> <span class='ocrx_word' id='word_1_159' title='bbox 944 1763 1050 1816; x_wconf 80' lang='lat' dir='ltr'><strong>Exstitit</strong></span> <span class='ocrx_word' id='word_1_160' title='bbox 1062 1766 1170 1839; x_wconf 86' lang='lat' dir='ltr'><strong>quidem</strong></span> <span class='ocrx_word' id='word_1_161' title='bbox 1184 1770 1238 1822; x_wconf 83' lang='lat' dir='ltr'><strong>Pe-</strong></span> 
     </span>
     <span class='ocr_line' id='line_1_18' title="bbox 185 1842 1237 1918; baseline 0.005 -22"><span class='ocrx_word' id='word_1_162' title='bbox 185 1842 244 1898; x_wconf 83' lang='lat' dir='ltr'><strong>dius</strong></span> <span class='ocrx_word' id='word_1_163' title='bbox 252 1843 350 1896; x_wconf 74' lang='lat' dir='ltr'><strong>blaesus</strong></span> <span class='ocrx_word' id='word_1_164' title='bbox 363 1843 485 1917; x_wconf 84' lang='lat' dir='ltr'><strong>qnidam,</strong></span> <span class='ocrx_word' id='word_1_165' title='bbox 498 1843 558 1914; x_wconf 92' lang='lat' dir='ltr'><strong>qui,</strong></span> <span class='ocrx_word' id='word_1_166' title='bbox 574 1843 682 1895; x_wconf 82' lang='lat' dir='ltr'><strong>Nerone</strong></span> <span class='ocrx_word' id='word_1_167' title='bbox 693 1843 855 1914; x_wconf 78' lang='lat' dir='ltr'><strong>imperante,</strong></span> <span class='ocrx_word' id='word_1_168' title='bbox 868 1843 1077 1914; x_wconf 84' lang='lat' dir='ltr'><strong>repetundarum</strong></span> <span class='ocrx_word' id='word_1_169' title='bbox 1085 1847 1237 1918; x_wconf 86' lang='lat' dir='ltr'><strong>postulatus</strong></span> 
     </span>
     <span class='ocr_line' id='line_1_19' title="bbox 186 1921 1235 2000; baseline 0.007 -24"><span class='ocrx_word' id='word_1_170' title='bbox 186 1941 201 1976; x_wconf 89' lang='lat' dir='ltr'><strong>a</strong></span> <span class='ocrx_word' id='word_1_171' title='bbox 214 1923 424 1998; x_wconf 75' lang='lat' dir='ltr'><strong>Cyrenensibus,</strong></span> <span class='ocrx_word' id='word_1_172' title='bbox 435 1937 523 1976; x_wconf 89' lang='lat' dir='ltr'><strong>motus</strong></span> <span class='ocrx_word' id='word_1_173' title='bbox 534 1936 575 1975; x_wconf 87' lang='lat' dir='ltr'><strong>est</strong></span> <span class='ocrx_word' id='word_1_174' title='bbox 586 1935 689 1975; x_wconf 84' lang='lat' dir='ltr'><strong>senatu.</strong></span> <span class='ocrx_word' id='word_1_175' title='bbox 699 1923 784 1975; x_wconf 83' lang='lat' dir='ltr'><strong>Tacit.</strong></span> <span class='ocrx_word' id='word_1_176' title='bbox 794 1927 864 1974; x_wconf 77' lang='lat' dir='ltr'><strong>Anu.</strong></span> <span class='ocrx_word' id='word_1_177' title='bbox 875 1921 945 1991; x_wconf 83' lang='lat' dir='ltr'><strong>XIV,</strong></span> <span class='ocrx_word' id='word_1_178' title='bbox 961 1924 1006 1988; x_wconf 85' lang='grc' dir='ltr'><strong>ι8;</strong></span> <span class='ocrx_word' id='word_1_179' title='bbox 1021 1923 1059 1977; x_wconf 85' lang='lat' dir='ltr'><strong>[d.</strong></span> <span class='ocrx_word' id='word_1_180' title='bbox 1071 1927 1139 1980; x_wconf 84' lang='lat' dir='ltr'><strong>Hist.</strong></span> <span class='ocrx_word' id='word_1_181' title='bbox 1152 1930 1177 1995; x_wconf 85' lang='lat'><strong>1,</strong></span> <span class='ocrx_word' id='word_1_182' title='bbox 1193 1943 1235 2000; x_wconf 85' lang='lat'><strong>77.</strong></span> 
     </span>
     <span class='ocr_line' id='line_1_20' title="bbox 185 2002 1237 2077; baseline 0.007 -22"><span class='ocrx_word' id='word_1_183' title='bbox 185 2005 274 2076; x_wconf 78' lang='lat' dir='ltr'><strong>Atque</strong></span> <span class='ocrx_word' id='word_1_184' title='bbox 283 2005 405 2077; x_wconf 81' lang='lat' dir='ltr'><strong>profecto</strong></span> <span class='ocrx_word' id='word_1_185' title='bbox 413 2002 486 2055; x_wconf 87' lang='lat' dir='ltr'><strong>baud</strong></span> <span class='ocrx_word' id='word_1_186' title='bbox 497 2005 532 2054; x_wconf 91' lang='lat' dir='ltr'><strong>ita</strong></span> <span class='ocrx_word' id='word_1_187' title='bbox 542 2019 606 2056; x_wconf 81' lang='lat' dir='ltr'><strong>vero</strong></span> <span class='ocrx_word' id='word_1_188' title='bbox 619 2002 738 2056; x_wconf 83' lang='lat' dir='ltr'><strong>absimile</strong></span> <span class='ocrx_word' id='word_1_189' title='bbox 749 2017 802 2070; x_wconf 88' lang='lat' dir='ltr'><strong>est,</strong></span> <span class='ocrx_word' id='word_1_190' title='bbox 814 2002 859 2056; x_wconf 90' lang='lat' dir='ltr'><strong>hic</strong></span> <span class='ocrx_word' id='word_1_191' title='bbox 870 2005 960 2057; x_wconf 88' lang='lat' dir='ltr'><strong>Persio</strong></span> <span class='ocrx_word' id='word_1_192' title='bbox 972 2003 1089 2058; x_wconf 87' lang='lat' dir='ltr'><strong>describi</strong></span> <span class='ocrx_word' id='word_1_193' title='bbox 1100 2006 1237 2063; x_wconf 88' lang='lat' dir='ltr'><strong>hominem</strong></span> 
     </span>
     <span class='ocr_line' id='line_1_21' title="bbox 185 2081 1236 2155; baseline 0.007 -19"><span class='ocrx_word' id='word_1_194' title='bbox 185 2085 266 2136; x_wconf 80' lang='lat' dir='ltr'><strong>istum</strong></span> <span class='ocrx_word' id='word_1_195' title='bbox 277 2085 423 2150; x_wconf 84' lang='lat' dir='ltr'><strong>famosum,</strong></span> <span class='ocrx_word' id='word_1_196' title='bbox 435 2081 611 2155; x_wconf 87' lang='lat' dir='ltr'><strong>eumdemque</strong></span> <span class='ocrx_word' id='word_1_197' title='bbox 620 2083 749 2155; x_wconf 78' lang='lat' dir='ltr'><strong>aequalem</strong></span> <span class='ocrx_word' id='word_1_198' title='bbox 759 2100 845 2135; x_wconf 87' lang='lat' dir='ltr'><strong>suum.</strong></span> <span class='ocrx_word' id='word_1_199' title='bbox 857 2082 969 2136; x_wconf 84' lang='lat' dir='ltr'><strong>Pedium</strong></span> <span class='ocrx_word' id='word_1_200' title='bbox 980 2098 1069 2138; x_wconf 90' lang='lat' dir='ltr'><strong>tamen</strong></span> <span class='ocrx_word' id='word_1_201' title='bbox 1078 2085 1152 2139; x_wconf 86' lang='lat' dir='ltr'><strong>iilum</strong></span> <span class='ocrx_word' id='word_1_202' title='bbox 1164 2088 1236 2143; x_wconf 90' lang='lat' dir='ltr'><strong>bunc</strong></span> 
     </span>
     <span class='ocr_line' id='line_1_22' title="bbox 186 2162 1236 2236; baseline 0.007 -20"><span class='ocrx_word' id='word_1_203' title='bbox 186 2167 307 2232; x_wconf 82' lang='lat' dir='ltr'><strong>esse,rix</strong></span> <span class='ocrx_word' id='word_1_204' title='bbox 315 2166 399 2216; x_wconf 87' lang='lat' dir='ltr'><strong>ausim</strong></span> <span class='ocrx_word' id='word_1_205' title='bbox 410 2165 594 2235; x_wconf 83' lang='lat' dir='ltr'><strong>pronuntiare.</strong></span> <span class='ocrx_word' id='word_1_206' title='bbox 604 2193 640 2203; x_wconf 90' lang='lat'>-</span> <span class='ocrx_word' id='word_1_207' title='bbox 651 2163 747 2215; x_wconf 82' lang='lat' dir='ltr'><strong>Pedius</strong></span> <span class='ocrx_word' id='word_1_208' title='bbox 759 2162 839 2236; x_wconf 77' lang='lat' dir='ltr'><strong>quid?</strong></span> <span class='ocrx_word' id='word_1_209' title='bbox 848 2162 963 2215; x_wconf 82' lang='lat' dir='ltr'><strong>subaudi</strong></span> <span class='ocrx_word' id='word_1_210' title='bbox 973 2166 1051 2230; x_wconf 85' lang='lat' dir='ltr'><strong>facit,</strong></span> <span class='ocrx_word' id='word_1_211' title='bbox 1063 2165 1128 2218; x_wconf 88' lang='lat' dir='ltr'><strong>dicit</strong></span> <span class='ocrx_word' id='word_1_212' title='bbox 1141 2168 1175 2220; x_wconf 90' lang='lat' dir='ltr'><strong>ad</strong></span> <span class='ocrx_word' id='word_1_213' title='bbox 1188 2173 1236 2223; x_wconf 88' lang='lat' dir='ltr'><strong>cri-</strong></span> 
     </span>
     <span class='ocr_line' id='line_1_23' title="bbox 185 2242 1237 2321; baseline 0.006 -26"><span class='ocrx_word' id='word_1_214' title='bbox 185 2261 247 2296; x_wconf 87' lang='lat' dir='ltr'><strong>men</strong></span> <span class='ocrx_word' id='word_1_215' title='bbox 258 2242 422 2296; x_wconf 84' lang='lat' dir='ltr'><strong>diluendum.</strong></span> <span class='ocrx_word' id='word_1_216' title='bbox 431 2269 468 2282; x_wconf 89' lang='lat'><strong>-·</strong></span> <span class='ocrx_word' id='word_1_217' title='bbox 476 2243 579 2308; x_wconf 76' lang='lat' dir='ltr'><strong>Libras,</strong></span> <span class='ocrx_word' id='word_1_218' title='bbox 589 2255 678 2293; x_wconf 84' lang='lat' dir='ltr'><strong>verast</strong></span> <span class='ocrx_word' id='word_1_219' title='bbox 688 2255 714 2293; x_wconf 88' lang='lat' dir='ltr'><strong>et</strong></span> <span class='ocrx_word' id='word_1_220' title='bbox 726 2242 865 2314; x_wconf 83' lang='lat' dir='ltr'><strong>ponderat.</strong></span> <span class='ocrx_word' id='word_1_221' title='bbox 874 2271 908 2283; x_wconf 90' lang='lat'><em>-</em></span> <span class='ocrx_word' id='word_1_222' title='bbox 916 2245 1073 2310; x_wconf 72' lang='lat' dir='ltr'><strong>Antithesis,</strong></span> <span class='ocrx_word' id='word_1_223' title='bbox 1081 2246 1171 2316; x_wconf 74' lang='lat' dir='ltr'><strong>liguris</strong></span> <span class='ocrx_word' id='word_1_224' title='bbox 1179 2251 1237 2321; x_wconf 92' lang='lat' dir='ltr'><strong>qui-</strong></span> 
     </span>
     <span class='ocr_line' id='line_1_24' title="bbox 185 2319 1237 2398; baseline -0.001 -25"><span class='ocrx_word' id='word_1_225' title='bbox 185 2320 236 2376; x_wconf 90' lang='lat' dir='ltr'><strong>bus</strong></span> <span class='ocrx_word' id='word_1_226' title='bbox 247 2323 383 2376; x_wconf 83' lang='lat' dir='ltr'><strong>contraria</strong></span> <span class='ocrx_word' id='word_1_227' title='bbox 395 2322 535 2374; x_wconf 77' lang='lat' dir='ltr'><strong>contrariis</strong></span> <span class='ocrx_word' id='word_1_228' title='bbox 548 2337 651 2372; x_wconf 89' lang='lat' dir='ltr'><strong>summa</strong></span> <span class='ocrx_word' id='word_1_229' title='bbox 663 2319 827 2389; x_wconf 82' lang='lat' dir='ltr'><strong>respondent</strong></span> <span class='ocrx_word' id='word_1_230' title='bbox 838 2323 1028 2373; x_wconf 81' lang='lat' dir='ltr'><strong>concinnitate.</strong></span> <span class='ocrx_word' id='word_1_231' title='bbox 1041 2351 1075 2363; x_wconf 92' lang='grc'>-</span> <span class='ocrx_word' id='word_1_232' title='bbox 1085 2325 1169 2390; x_wconf 83' lang='lat' dir='ltr'><strong>Rasis,</strong></span> <span class='ocrx_word' id='word_1_233' title='bbox 1180 2346 1237 2398; x_wconf 81' lang='lat' dir='ltr'><strong>per.</strong></span> 
     </span>
     <span class='ocr_line' id='line_1_25' title="bbox 184 2397 1237 2472; baseline 0.005 -20"><span class='ocrx_word' id='word_1_234' title='bbox 184 2401 290 2472; x_wconf 87' lang='lat' dir='ltr'><strong>politis,</strong></span> <span class='ocrx_word' id='word_1_235' title='bbox 305 2401 416 2453; x_wconf 87' lang='lat' dir='ltr'><strong>ductum</strong></span> <span class='ocrx_word' id='word_1_236' title='bbox 431 2399 465 2456; x_wconf 84' lang='lat' dir='ltr'><strong>ab</strong></span> <span class='ocrx_word' id='word_1_237' title='bbox 480 2413 536 2451; x_wconf 87' lang='lat' dir='ltr'><strong>arta</strong></span> <span class='ocrx_word' id='word_1_238' title='bbox 550 2399 677 2450; x_wconf 86' lang='lat' dir='ltr'><strong>tonsoria.</strong></span> <span class='ocrx_word' id='word_1_239' title='bbox 694 2425 731 2436; x_wconf 87' lang='lat'><strong>--</strong></span> <span class='ocrx_word' id='word_1_240' title='bbox 748 2397 942 2464; x_wconf 77' lang='lat' dir='ltr'><strong>Quiniilisnus,</strong></span> <span class='ocrx_word' id='word_1_241' title='bbox 954 2402 1025 2465; x_wconf 78' lang='lat' dir='ltr'><strong>vin,</strong></span> <span class='ocrx_word' id='word_1_242' title='bbox 1037 2402 1148 2454; x_wconf 88' lang='lat' dir='ltr'><strong>nimium</strong></span> <span class='ocrx_word' id='word_1_243' title='bbox 1161 2405 1237 2458; x_wconf 87' lang='lat' dir='ltr'><strong>illum</strong></span> 
     </span>
     <span class='ocr_line' id='line_1_26' title="bbox 183 2475 1235 2548; baseline 0.009 -20"><span class='ocrx_word' id='word_1_244' title='bbox 183 2478 272 2533; x_wconf 63' lang='lat' dir='ltr'><strong>,laudis</strong></span> <span class='ocrx_word' id='word_1_245' title='bbox 286 2497 421 2542; x_wconf 83' lang='lat' dir='ltr'><strong>amorem,</strong></span> <span class='ocrx_word' id='word_1_246' title='bbox 441 2495 520 2548; x_wconf 88' lang='lat' dir='ltr'><strong>quem</strong></span> <span class='ocrx_word' id='word_1_247' title='bbox 537 2479 635 2528; x_wconf 84' lang='lat' dir='ltr'><strong>Noster</strong></span> <span class='ocrx_word' id='word_1_248' title='bbox 650 2475 704 2527; x_wconf 84' lang='lat' dir='ltr'><strong>boc</strong></span> <span class='ocrx_word' id='word_1_249' title='bbox 721 2476 779 2527; x_wconf 84' lang='lat' dir='ltr'><strong>loco</strong></span> <span class='ocrx_word' id='word_1_250' title='bbox 793 2479 894 2546; x_wconf 82' lang='lat' dir='ltr'><strong>carpit,</strong></span> <span class='ocrx_word' id='word_1_251' title='bbox 907 2479 944 2528; x_wconf 91' lang='lat' dir='ltr'><strong>sic</strong></span> <span class='ocrx_word' id='word_1_252' title='bbox 964 2479 1086 2530; x_wconf 87' lang='lat' dir='ltr'><strong>damnat:</strong></span> <span class='ocrx_word' id='word_1_253' title='bbox 1105 2483 1179 2534; x_wconf 75' lang='lat' dir='ltr'><strong>«Ubi</strong></span> <span class='ocrx_word' id='word_1_254' title='bbox 1193 2503 1235 2538; x_wconf 87' lang='lat' dir='ltr'><strong>res</strong></span> 
     </span>
     <span class='ocr_line' id='line_1_27' title="bbox 185 2553 1236 2630; baseline 0.005 -19"><span class='ocrx_word' id='word_1_255' title='bbox 185 2562 272 2630; x_wconf 74' lang='lat' dir='ltr'><strong>agitur</strong></span> <span class='ocrx_word' id='word_1_256' title='bbox 284 2571 310 2611; x_wconf 88' lang='lat' dir='ltr'><strong>ct</strong></span> <span class='ocrx_word' id='word_1_257' title='bbox 321 2577 384 2610; x_wconf 83' lang='lat' dir='ltr'><strong>vara</strong></span> <span class='ocrx_word' id='word_1_258' title='bbox 393 2556 529 2608; x_wconf 89' lang='lat' dir='ltr'><strong>dimicatio</strong></span> <span class='ocrx_word' id='word_1_259' title='bbox 543 2568 595 2622; x_wconf 88' lang='lat' dir='ltr'><strong>est,</strong></span> <span class='ocrx_word' id='word_1_260' title='bbox 610 2555 718 2606; x_wconf 86' lang='lat' dir='ltr'><strong>ultimus</strong></span> <span class='ocrx_word' id='word_1_261' title='bbox 731 2572 787 2606; x_wconf 88' lang='lat' dir='ltr'><strong>ease</strong></span> <span class='ocrx_word' id='word_1_262' title='bbox 799 2553 880 2608; x_wconf 90' lang='lat' dir='ltr'><strong>debet</strong></span> <span class='ocrx_word' id='word_1_263' title='bbox 893 2557 969 2608; x_wconf 77' lang='lat' dir='ltr'><strong>famu</strong></span> <span class='ocrx_word' id='word_1_264' title='bbox 981 2555 1062 2609; x_wconf 87' lang='lat' dir='ltr'><strong>locus.</strong></span> <span class='ocrx_word' id='word_1_265' title='bbox 1074 2581 1086 2608; x_wconf 71' lang='lat' dir='ltr'><strong>a</strong></span> <span class='ocrx_word' id='word_1_266' title='bbox 1102 2559 1180 2614; x_wconf 79' lang='lat' dir='ltr'><strong>cont.</strong></span> <span class='ocrx_word' id='word_1_267' title='bbox 1191 2565 1236 2616; x_wconf 84' lang='lat' dir='ltr'><strong>lu·</strong></span> 
     </span>
    </p>
   </div>
   <div class='ocr_carea' id='block_1_6' title="bbox 185 2631 829 2707">
    <p class='ocr_par' dir='ltr' id='par_1_6' title="bbox 185 2631 829 2707">
     <span class='ocr_line' id='line_1_28' title="bbox 185 2631 829 2707; baseline -0.009 -15"><span class='ocrx_word' id='word_1_268' title='bbox 185 2639 269 2692; x_wconf 85' lang='lat' dir='ltr'><strong>venai.</strong></span> <span class='ocrx_word' id='word_1_269' title='bbox 282 2641 331 2706; x_wconf 85' lang='lat' dir='ltr'><strong>VI,</strong></span> <span class='ocrx_word' id='word_1_270' title='bbox 343 2636 397 2705; x_wconf 61' lang='lat'><strong>448</strong></span> <span class='ocrx_word' id='word_1_271' title='bbox 408 2654 466 2707; x_wconf 83' lang='lat' dir='ltr'><strong>sqq.</strong></span> <span class='ocrx_word' id='word_1_272' title='bbox 478 2635 588 2686; x_wconf 86' lang='lat' dir='ltr'><strong>Lucian.</strong></span> <span class='ocrx_word' id='word_1_273' title='bbox 601 2633 641 2699; x_wconf 70' lang='lat'><strong>11,</strong></span> <span class='ocrx_word' id='word_1_274' title='bbox 651 2634 695 2700; x_wconf 88' lang='lat'><strong>31,</strong></span> <span class='ocrx_word' id='word_1_275' title='bbox 707 2631 749 2684; x_wconf 89' lang='lat' dir='ltr'><strong>ed.</strong></span> <span class='ocrx_word' id='word_1_276' title='bbox 760 2635 829 2686; x_wconf 79' lang='lat' dir='ltr'><strong>Reiz.</strong></span> 
     </span>
    </p>
   </div>
   <div class='ocr_carea' id='block_1_7' title="bbox 119 2814 1234 3028">
    <p class='ocr_par' dir='ltr' id='par_1_7' title="bbox 119 2814 1234 3028">
     <span class='ocr_line' id='line_1_29' title="bbox 119 2814 1234 2880; baseline -0.004 -12"><span class='ocrx_word' id='word_1_277' title='bbox 119 2819 120 2822; x_wconf 59' lang='grc'>’</span> <span class='ocrx_word' id='word_1_278' title='bbox 215 2821 276 2868; x_wconf 74' lang='lat' dir='ltr'><strong>Van.</strong></span> <span class='ocrx_word' id='word_1_279' title='bbox 287 2819 326 2867; x_wconf 83' lang='grc'><strong>86.</strong></span> <span class='ocrx_word' id='word_1_280' title='bbox 339 2821 425 2867; x_wconf 74' lang='lat' dir='ltr'><strong>nouas</strong></span> <span class='ocrx_word' id='word_1_281' title='bbox 434 2817 630 2880; x_wconf 70' lang='lat' dir='ltr'><strong>pumrsssfiqurus</strong></span> <span class='ocrx_word' id='word_1_282' title='bbox 641 2815 767 2861; x_wconf 74' lang='lat' dir='ltr'><strong>laudatur.</strong></span> <span class='ocrx_word' id='word_1_283' title='bbox 779 2839 812 2852; x_wconf 70' lang='grc' dir='ltr'><strong>ι·-</strong></span> <span class='ocrx_word' id='word_1_284' title='bbox 824 2814 903 2862; x_wconf 79' lang='lat' dir='ltr'><strong>Malim</strong></span> <span class='ocrx_word' id='word_1_285' title='bbox 915 2817 1015 2874; x_wconf 81' lang='lat' dir='ltr'><strong>Doctras,</strong></span> <span class='ocrx_word' id='word_1_286' title='bbox 1026 2818 1059 2864; x_wconf 84' lang='lat' dir='ltr'><strong>sit</strong></span> <span class='ocrx_word' id='word_1_287' title='bbox 1069 2819 1234 2880; x_wconf 56' lang='lat' dir='ltr'><strong>cassabone„</strong></span> 
     </span>
     <span class='ocr_line' id='line_1_30' title="bbox 184 2885 1233 2952; baseline 0.003 -13"><span class='ocrx_word' id='word_1_288' title='bbox 184 2891 301 2940; x_wconf 79' lang='lat' dir='ltr'><strong>luvenalis</strong></span> <span class='ocrx_word' id='word_1_289' title='bbox 311 2891 374 2937; x_wconf 84' lang='lat' dir='ltr'><strong>eru&#39;m</strong></span> <span class='ocrx_word' id='word_1_290' title='bbox 383 2905 389 2935; x_wconf 95' lang='lat'><strong>:</strong></span> <span class='ocrx_word' id='word_1_291' title='bbox 404 2911 415 2932; x_wconf 80' lang='grc' dir='ltr'>ι</span> <span class='ocrx_word' id='word_1_292' title='bbox 424 2891 510 2937; x_wconf 75' lang='lat' dir='ltr'><strong>Doctus</strong></span> <span class='ocrx_word' id='word_1_293' title='bbox 518 2901 634 2950; x_wconf 82' lang='lat' dir='ltr'><strong>spectasse</strong></span> <span class='ocrx_word' id='word_1_294' title='bbox 642 2886 747 2936; x_wconf 76' lang='lat' dir='ltr'><strong>lacunar.</strong></span> <span class='ocrx_word' id='word_1_295' title='bbox 755 2908 766 2929; x_wconf 81' lang='grc' dir='ltr'>ι</span> <span class='ocrx_word' id='word_1_296' title='bbox 777 2885 841 2934; x_wconf 79' lang='lat' dir='ltr'><strong>Nihil</strong></span> <span class='ocrx_word' id='word_1_297' title='bbox 852 2899 887 2934; x_wconf 90' lang='lat' dir='ltr'><strong>est</strong></span> <span class='ocrx_word' id='word_1_298' title='bbox 895 2887 960 2952; x_wconf 82' lang='lat' dir='ltr'><strong>qrrod</strong></span> <span class='ocrx_word' id='word_1_299' title='bbox 971 2888 1095 2938; x_wconf 80' lang='lat' dir='ltr'><strong>lectionem</strong></span> <span class='ocrx_word' id='word_1_300' title='bbox 1103 2905 1233 2952; x_wconf 83' lang='lat' dir='ltr'><strong>mutemus,</strong></span> 
     </span>
     <span class='ocr_line' id='line_1_31' title="bbox 185 2958 1057 3028; baseline -0.002 -18"><span class='ocrx_word' id='word_1_301' title='bbox 185 2979 255 3028; x_wconf 80' lang='lat' dir='ltr'><strong>quam</strong></span> <span class='ocrx_word' id='word_1_302' title='bbox 265 2963 338 3010; x_wconf 86' lang='lat' dir='ltr'><strong>edunt</strong></span> <span class='ocrx_word' id='word_1_303' title='bbox 346 2963 498 3025; x_wconf 84' lang='lat' dir='ltr'><strong>manuscripti</strong></span> <span class='ocrx_word' id='word_1_304' title='bbox 508 2958 597 3016; x_wconf 85' lang='lat' dir='ltr'><strong>Codd.;</strong></span> <span class='ocrx_word' id='word_1_305' title='bbox 608 2973 707 3023; x_wconf 77' lang='lat' dir='ltr'><strong>qrrrrqrse</strong></span> <span class='ocrx_word' id='word_1_306' title='bbox 717 2973 809 3006; x_wconf 84' lang='lat' dir='ltr'><strong>sensum</strong></span> <span class='ocrx_word' id='word_1_307' title='bbox 819 2959 891 3006; x_wconf 82' lang='lat' dir='ltr'><strong>babet</strong></span> <span class='ocrx_word' id='word_1_308' title='bbox 899 2959 1057 3023; x_wconf 66' lang='lat' dir='ltr'><strong>prubanduur.</strong></span> 
     </span>
    </p>
   </div>
   <div class='ocr_carea' id='block_1_8' title="bbox 183 3063 1236 3301">
    <p class='ocr_par' dir='ltr' id='par_1_8' title="bbox 183 3063 1236 3301">
     <span class='ocr_line' id='line_1_32' title="bbox 219 3063 1235 3142; baseline 0.003 -20"><span class='ocrx_word' id='word_1_309' title='bbox 219 3071 289 3122; x_wconf 82' lang='lat' dir='ltr'><strong>Nou.</strong></span> <span class='ocrx_word' id='word_1_310' title='bbox 305 3067 347 3122; x_wconf 87' lang='grc'><strong>86.</strong></span> <span class='ocrx_word' id='word_1_311' title='bbox 360 3069 456 3121; x_wconf 83' lang='lat' dir='ltr'><strong>Dootas</strong></span> <span class='ocrx_word' id='word_1_312' title='bbox 462 3068 576 3140; x_wconf 65' lang='lat' dir='ltr'><strong>potuim</strong></span> <span class='ocrx_word' id='word_1_313' title='bbox 581 3063 685 3142; x_wconf 72' lang='lat' dir='ltr'><strong>fiquras</strong></span> <span class='ocrx_word' id='word_1_314' title='bbox 696 3065 838 3122; x_wconf 63' lang='lat' dir='ltr'><strong>undatur.</strong></span> <span class='ocrx_word' id='word_1_315' title='bbox 850 3095 887 3107; x_wconf 88' lang='lat'><strong>-</strong></span> <span class='ocrx_word' id='word_1_316' title='bbox 897 3067 976 3119; x_wconf 82' lang='lat' dir='ltr'><strong>Nunc</strong></span> <span class='ocrx_word' id='word_1_317' title='bbox 988 3068 1073 3139; x_wconf 69' lang='lat' dir='ltr'><strong>tangit</strong></span> <span class='ocrx_word' id='word_1_318' title='bbox 1085 3067 1235 3140; x_wconf 85' lang='lat' dir='ltr'><strong>auditores,</strong></span> 
     </span>
     <span class='ocr_line' id='line_1_33' title="bbox 186 3143 1236 3222; baseline 0.005 -21"><span class='ocrx_word' id='word_1_319' title='bbox 186 3149 231 3222; x_wconf 88' lang='lat' dir='ltr'><strong>qni</strong></span> <span class='ocrx_word' id='word_1_320' title='bbox 242 3149 331 3221; x_wconf 84' lang='lat' dir='ltr'><strong>turpia</strong></span> <span class='ocrx_word' id='word_1_321' title='bbox 343 3149 479 3201; x_wconf 84' lang='lat' dir='ltr'><strong>mirentur.</strong></span> <span class='ocrx_word' id='word_1_322' title='bbox 488 3175 524 3188; x_wconf 91' lang='lat'><strong>·-</strong></span> <span class='ocrx_word' id='word_1_323' title='bbox 533 3143 749 3222; x_wconf 71' lang='lat' dir='ltr'><strong>Doctasfiquras,</strong></span> <span class='ocrx_word' id='word_1_324' title='bbox 759 3145 897 3199; x_wconf 85' lang='lat' dir='ltr'><strong>translatio</strong></span> <span class='ocrx_word' id='word_1_325' title='bbox 910 3165 960 3219; x_wconf 90' lang='lat' dir='ltr'><strong>pro</strong></span> <span class='ocrx_word' id='word_1_326' title='bbox 965 3145 1070 3222; x_wconf 71' lang='lat' dir='ltr'><strong>flpurcrs</strong></span> <span class='ocrx_word' id='word_1_327' title='bbox 1081 3150 1154 3203; x_wconf 84' lang='lat' dir='ltr'><strong>docte</strong></span> <span class='ocrx_word' id='word_1_328' title='bbox 1163 3169 1220 3206; x_wconf 87' lang='lat' dir='ltr'><strong>com</strong></span> <span class='ocrx_word' id='word_1_329' title='bbox 1233 3181 1236 3195; x_wconf 89' lang='lat'>·</span> 
     </span>
     <span class='ocr_line' id='line_1_34' title="bbox 183 3231 286 3301; baseline -0.01 -19"><span class='ocrx_word' id='word_1_330' title='bbox 183 3231 286 3301; x_wconf 81' lang='lat' dir='ltr'><strong>positas.</strong></span> 
     </span>
    </p>
   </div>
   <div class='ocr_carea' id='block_1_9' title="bbox 185 3337 1234 3893">
    <p class='ocr_par' dir='ltr' id='par_1_9' title="bbox 185 3337 1234 3893">
     <span class='ocr_line' id='line_1_35' title="bbox 219 3337 1234 3412; baseline 0.003 -16"><span class='ocrx_word' id='word_1_331' title='bbox 219 3341 287 3397; x_wconf 81' lang='lat' dir='ltr'><strong>Nor.</strong></span> <span class='ocrx_word' id='word_1_332' title='bbox 308 3343 350 3412; x_wconf 89' lang='lat'><strong>87.</strong></span> <span class='ocrx_word' id='word_1_333' title='bbox 371 3338 475 3394; x_wconf 83' lang='lat' dir='ltr'><strong>Bellum</strong></span> <span class='ocrx_word' id='word_1_334' title='bbox 492 3339 549 3392; x_wconf 84' lang='lat' dir='ltr'><strong>ltoc.</strong></span> <span class='ocrx_word' id='word_1_335' title='bbox 568 3337 627 3392; x_wconf 80' lang='lat' dir='ltr'><strong>Hoc</strong></span> <span class='ocrx_word' id='word_1_336' title='bbox 642 3337 759 3392; x_wconf 81' lang='lat' dir='ltr'><strong>bellum!</strong></span> <span class='ocrx_word' id='word_1_337' title='bbox 776 3361 825 3408; x_wconf 84' lang='lat' dir='ltr'><strong>arr,</strong></span> <span class='ocrx_word' id='word_1_338' title='bbox 842 3340 967 3410; x_wconf 77' lang='lat' dir='ltr'><strong>Romule,</strong></span> <span class='ocrx_word' id='word_1_339' title='bbox 986 3345 1234 3399; x_wconf 81' lang='lat' dir='ltr'><strong>cevas?-Bellum</strong></span> 
     </span>
     <span class='ocr_line' id='line_1_36' title="bbox 186 3417 1234 3494; baseline 0.007 -22"><span class='ocrx_word' id='word_1_340' title='bbox 186 3419 249 3490; x_wconf 85' lang='lat' dir='ltr'><strong>ltoc,</strong></span> <span class='ocrx_word' id='word_1_341' title='bbox 265 3442 316 3476; x_wconf 84' lang='lat' dir='ltr'><strong>vox</strong></span> <span class='ocrx_word' id='word_1_342' title='bbox 329 3421 401 3494; x_wconf 68' lang='lat' dir='ltr'><strong>vulgi</strong></span> <span class='ocrx_word' id='word_1_343' title='bbox 416 3421 584 3484; x_wconf 85' lang='lat' dir='ltr'><strong>admirantis;</strong></span> <span class='ocrx_word' id='word_1_344' title='bbox 599 3419 647 3472; x_wconf 78' lang='lat' dir='ltr'><strong>laoc</strong></span> <span class='ocrx_word' id='word_1_345' title='bbox 658 3417 753 3472; x_wconf 84' lang='lat' dir='ltr'><strong>bellum</strong></span> <span class='ocrx_word' id='word_1_346' title='bbox 763 3424 771 3470; x_wconf 81' lang='lat' dir='ltr'><strong>i</strong></span> <span class='ocrx_word' id='word_1_347' title='bbox 782 3440 832 3473; x_wconf 82' lang='lat' dir='ltr'><strong>vox</strong></span> <span class='ocrx_word' id='word_1_348' title='bbox 844 3423 925 3474; x_wconf 80' lang='lat' dir='ltr'><strong>Persii</strong></span> <span class='ocrx_word' id='word_1_349' title='bbox 938 3421 1110 3492; x_wconf 74' lang='lat' dir='ltr'><strong>indignantis.</strong></span> <span class='ocrx_word' id='word_1_350' title='bbox 1127 3453 1163 3466; x_wconf 92' lang='lat'><em>-</em></span> <span class='ocrx_word' id='word_1_351' title='bbox 1180 3429 1234 3480; x_wconf 91' lang='lat' dir='ltr'><strong>Ro·</strong></span> 
     </span>
     <span class='ocr_line' id='line_1_37' title="bbox 185 3500 1234 3572; baseline 0.003 -19"><span class='ocrx_word' id='word_1_352' title='bbox 185 3502 270 3571; x_wconf 84' lang='lat' dir='ltr'><strong>mule,</strong></span> <span class='ocrx_word' id='word_1_353' title='bbox 285 3503 357 3556; x_wconf 90' lang='lat' dir='ltr'><strong>idem</strong></span> <span class='ocrx_word' id='word_1_354' title='bbox 373 3520 404 3554; x_wconf 89' lang='lat' dir='ltr'><strong>ac</strong></span> <span class='ocrx_word' id='word_1_355' title='bbox 421 3501 553 3564; x_wconf 83' lang='lat' dir='ltr'><strong>Romuue;</strong></span> <span class='ocrx_word' id='word_1_356' title='bbox 572 3501 610 3552; x_wconf 88' lang='lat' dir='ltr'><strong>sic</strong></span> <span class='ocrx_word' id='word_1_357' title='bbox 627 3500 749 3572; x_wconf 88' lang='lat' dir='ltr'><strong>superius</strong></span> <span class='ocrx_word' id='word_1_358' title='bbox 767 3503 856 3570; x_wconf 82' lang='lat' dir='ltr'><strong>posuit</strong></span> <span class='ocrx_word' id='word_1_359' title='bbox 876 3503 963 3566; x_wconf 81' lang='lat' dir='ltr'><strong>Titos,</strong></span> <span class='ocrx_word' id='word_1_360' title='bbox 978 3502 1134 3556; x_wconf 85' lang='lat' dir='ltr'><strong>Romulidoe.</strong></span> <span class='ocrx_word' id='word_1_361' title='bbox 1149 3507 1234 3561; x_wconf 86' lang='lat' dir='ltr'><strong>Simili</strong></span> 
     </span>
     <span class='ocr_line' id='line_1_38' title="bbox 186 3577 1232 3652; baseline 0.006 -18"><span class='ocrx_word' id='word_1_362' title='bbox 186 3581 296 3636; x_wconf 85' lang='lat' dir='ltr'><strong>artificio</strong></span> <span class='ocrx_word' id='word_1_363' title='bbox 307 3579 431 3648; x_wconf 79' lang='lat' dir='ltr'><strong>Romule,</strong></span> <span class='ocrx_word' id='word_1_364' title='bbox 443 3600 494 3633; x_wconf 85' lang='lat' dir='ltr'><strong>vox</strong></span> <span class='ocrx_word' id='word_1_365' title='bbox 504 3579 632 3644; x_wconf 84' lang='lat' dir='ltr'><strong>honesta,</strong></span> <span class='ocrx_word' id='word_1_366' title='bbox 647 3577 790 3650; x_wconf 88' lang='lat' dir='ltr'><strong>copulatur</strong></span> <span class='ocrx_word' id='word_1_367' title='bbox 804 3599 865 3632; x_wconf 92' lang='lat' dir='ltr'><strong>cum</strong></span> <span class='ocrx_word' id='word_1_368' title='bbox 875 3600 942 3635; x_wconf 85' lang='lat' dir='ltr'><strong>voce</strong></span> <span class='ocrx_word' id='word_1_369' title='bbox 956 3581 1086 3634; x_wconf 87' lang='lat' dir='ltr'><strong>indecora</strong></span> <span class='ocrx_word' id='word_1_370' title='bbox 1098 3601 1183 3652; x_wconf 78' lang='lat' dir='ltr'><strong>cenes,</strong></span> <span class='ocrx_word' id='word_1_371' title='bbox 1200 3605 1232 3640; x_wconf 87' lang='lat' dir='ltr'><strong>ac</strong></span> 
     </span>
     <span class='ocr_line' id='line_1_39' title="bbox 186 3659 1232 3736; baseline 0.003 -24"><span class='ocrx_word' id='word_1_372' title='bbox 186 3680 267 3733; x_wconf 87' lang='lat' dir='ltr'><strong>supra</strong></span> <span class='ocrx_word' id='word_1_373' title='bbox 278 3661 426 3716; x_wconf 73' lang='lat' dir='ltr'><strong>Romulidae</strong></span> <span class='ocrx_word' id='word_1_374' title='bbox 439 3680 500 3713; x_wconf 91' lang='lat' dir='ltr'><strong>cum</strong></span> <span class='ocrx_word' id='word_1_375' title='bbox 515 3659 611 3712; x_wconf 85' lang='lat' dir='ltr'><strong>Saturi.</strong></span> <span class='ocrx_word' id='word_1_376' title='bbox 623 3689 659 3700; x_wconf 92' lang='lat'>—</span> <span class='ocrx_word' id='word_1_377' title='bbox 671 3661 776 3726; x_wconf 87' lang='lat' dir='ltr'><strong>Cevere,</strong></span> <span class='ocrx_word' id='word_1_378' title='bbox 790 3663 897 3732; x_wconf 87' lang='lat' dir='ltr'><strong>proprie</strong></span> <span class='ocrx_word' id='word_1_379' title='bbox 917 3661 1007 3736; x_wconf 78' lang='lat' dir='ltr'><strong>clunes</strong></span> <span class='ocrx_word' id='word_1_380' title='bbox 1023 3665 1139 3732; x_wconf 72' lang='lat' dir='ltr'><strong>agitans,</strong></span> <span class='ocrx_word' id='word_1_381' title='bbox 1158 3682 1232 3720; x_wconf 77' lang='lat' dir='ltr'><strong>more</strong></span> 
     </span>
     <span class='ocr_line' id='line_1_40' title="bbox 186 3737 1231 3814; baseline 0.008 -23"><span class='ocrx_word' id='word_1_382' title='bbox 186 3757 297 3806; x_wconf 71' lang='lat' dir='ltr'><strong>canum,</strong></span> <span class='ocrx_word' id='word_1_383' title='bbox 310 3737 446 3794; x_wconf 81' lang='lat' dir='ltr'><strong>Cinsedum</strong></span> <span class='ocrx_word' id='word_1_384' title='bbox 459 3758 546 3810; x_wconf 70' lang='lat' dir='ltr'><strong>agere.</strong></span> <span class='ocrx_word' id='word_1_385' title='bbox 563 3737 746 3809; x_wconf 85' lang='lat' dir='ltr'><strong>Metaphorice</strong></span> <span class='ocrx_word' id='word_1_386' title='bbox 757 3739 844 3809; x_wconf 76' lang='lat' dir='ltr'><strong>frangi</strong></span> <span class='ocrx_word' id='word_1_387' title='bbox 857 3753 882 3792; x_wconf 85' lang='lat' dir='ltr'><strong>et</strong></span> <span class='ocrx_word' id='word_1_388' title='bbox 897 3743 1024 3794; x_wconf 83' lang='lat' dir='ltr'><strong>enervari.</strong></span> <span class='ocrx_word' id='word_1_389' title='bbox 1039 3744 1151 3814; x_wconf 84' lang='lat' dir='ltr'><strong>Respice</strong></span> <span class='ocrx_word' id='word_1_390' title='bbox 1163 3745 1231 3800; x_wconf 84' lang='lat' dir='ltr'><strong>infra</strong></span> 
     </span>
     <span class='ocr_line' id='line_1_41' title="bbox 187 3817 986 3893; baseline 0.005 -23"><span class='ocrx_word' id='word_1_391' title='bbox 187 3817 221 3870; x_wconf 84' lang='lat' dir='ltr'><strong>ad</strong></span> <span class='ocrx_word' id='word_1_392' title='bbox 232 3838 335 3874; x_wconf 80' lang='lat' dir='ltr'><strong>versum</strong></span> <span class='ocrx_word' id='word_1_393' title='bbox 350 3820 469 3893; x_wconf 86' lang='lat' dir='ltr'><strong>ejusdem</strong></span> <span class='ocrx_word' id='word_1_394' title='bbox 483 3819 555 3872; x_wconf 87' lang='lat' dir='ltr'><strong>satir.</strong></span> <span class='ocrx_word' id='word_1_395' title='bbox 573 3819 637 3882; x_wconf 83' lang='lat'><strong>103;</strong></span> <span class='ocrx_word' id='word_1_396' title='bbox 651 3830 678 3870; x_wconf 90' lang='lat' dir='ltr'><strong>et</strong></span> <span class='ocrx_word' id='word_1_397' title='bbox 689 3817 808 3870; x_wconf 83' lang='lat' dir='ltr'><strong>Juvenal.</strong></span> <span class='ocrx_word' id='word_1_398' title='bbox 823 3819 860 3886; x_wconf 91' lang='lat'><strong>11,</strong></span> <span class='ocrx_word' id='word_1_399' title='bbox 876 3835 921 3886; x_wconf 66' lang='grc' dir='ltr'><strong>πο,</strong></span> <span class='ocrx_word' id='word_1_400' title='bbox 937 3837 986 3874; x_wconf 81' lang='lat' dir='ltr'><strong>ar:</strong></span> 
     </span>
    </p>
   </div>
   <div class='ocr_carea' id='block_1_10' title="bbox 387 3906 992 4031">
    <p class='ocr_par' dir='ltr' id='par_1_10' title="bbox 387 3906 992 4031">
     <span class='ocr_line' id='line_1_42' title="bbox 671 3906 928 3952; baseline 0.016 -4"><span class='ocrx_word' id='word_1_401' title='bbox 671 3915 726 3949; x_wconf 85' lang='lat' dir='ltr'><strong>...st</strong></span> <span class='ocrx_word' id='word_1_402' title='bbox 735 3907 761 3949; x_wconf 91' lang='lat' dir='ltr'><strong>de</strong></span> <span class='ocrx_word' id='word_1_403' title='bbox 772 3906 851 3952; x_wconf 79' lang='lat' dir='ltr'><strong>uirtute</strong></span> <span class='ocrx_word' id='word_1_404' title='bbox 860 3907 928 3952; x_wconf 89' lang='lat' dir='ltr'><strong>locuti</strong></span> 
     </span>
     <span class='ocr_line' id='line_1_43' title="bbox 387 3973 992 4031; baseline 0 -13"><span class='ocrx_word' id='word_1_405' title='bbox 387 3973 478 4019; x_wconf 76' lang='lat' dir='ltr'><strong>clunem</strong></span> <span class='ocrx_word' id='word_1_406' title='bbox 487 3974 583 4031; x_wconf 65' lang='lat' dir='ltr'><strong>agitatu!</strong></span> <span class='ocrx_word' id='word_1_407' title='bbox 593 3985 634 4030; x_wconf 66' lang='lat' dir='ltr'><strong>ego</strong></span> <span class='ocrx_word' id='word_1_408' title='bbox 644 3982 664 4016; x_wconf 84' lang='lat' dir='ltr'><strong>te</strong></span> <span class='ocrx_word' id='word_1_409' title='bbox 673 3982 796 4022; x_wconf 75' lang='lat' dir='ltr'><strong>revertunt,</strong></span> <span class='ocrx_word' id='word_1_410' title='bbox 806 3975 879 4030; x_wconf 82' lang='lat' dir='ltr'><strong>Sexte,</strong></span> <span class='ocrx_word' id='word_1_411' title='bbox 889 3975 992 4018; x_wconf 84' lang='lat' dir='ltr'><strong>verebor!</strong></span> 
     </span>
    </p>
   </div>
   <div class='ocr_carea' id='block_1_11' title="bbox 222 4065 1233 4138">
    <p class='ocr_par' dir='ltr' id='par_1_11' title="bbox 222 4065 1233 4138">
     <span class='ocr_line' id='line_1_44' title="bbox 222 4065 1233 4138; baseline 0.005 -22"><span class='ocrx_word' id='word_1_412' title='bbox 222 4065 290 4117; x_wconf 81' lang='lat' dir='ltr'><strong>Nor.</strong></span> <span class='ocrx_word' id='word_1_413' title='bbox 311 4066 354 4118; x_wconf 90' lang='grc'><strong>88.</strong></span> <span class='ocrx_word' id='word_1_414' title='bbox 367 4066 441 4120; x_wconf 82' lang='lat' dir='ltr'><strong>Men&#39;</strong></span> <span class='ocrx_word' id='word_1_415' title='bbox 451 4077 555 4121; x_wconf 85' lang='lat' dir='ltr'><strong>moueat</strong></span> <span class='ocrx_word' id='word_1_416' title='bbox 568 4067 678 4138; x_wconf 80' lang='lat' dir='ltr'><strong>quippe,</strong></span> <span class='ocrx_word' id='word_1_417' title='bbox 691 4078 731 4134; x_wconf 83' lang='lat' dir='ltr'><strong>et,</strong></span> <span class='ocrx_word' id='word_1_418' title='bbox 742 4078 829 4120; x_wconf 81' lang='lat' dir='ltr'><strong>cantet</strong></span> <span class='ocrx_word' id='word_1_419' title='bbox 839 4068 861 4119; x_wconf 83' lang='lat' dir='ltr'><strong>si</strong></span> <span class='ocrx_word' id='word_1_420' title='bbox 872 4069 1028 4138; x_wconf 59' lang='lat' dir='ltr'><strong>naufragus,</strong></span> <span class='ocrx_word' id='word_1_421' title='bbox 1042 4086 1122 4122; x_wconf 76' lang='lat' dir='ltr'><strong>assem</strong></span> <span class='ocrx_word' id='word_1_422' title='bbox 1134 4069 1233 4121; x_wconf 83' lang='lat' dir='ltr'><strong>Protu-</strong></span> 
     </span>
    </p>
   </div>
   <div class='ocr_carea' id='block_1_12' title="bbox 280 4155 1091 4236">
    <p class='ocr_par' dir='ltr' id='par_1_12' title="bbox 280 4155 1091 4236">
     <span class='ocr_line' id='line_1_45' title="bbox 280 4155 1091 4236; baseline 0.001 -19"><span class='ocrx_word' id='word_1_423' title='bbox 280 4155 346 4220; x_wconf 77' lang='grc' dir='ltr'><strong>ΠΙ,</strong></span> <span class='ocrx_word' id='word_1_424' title='bbox 1073 4161 1091 4236; x_wconf 74' lang='lat' dir='ltr'><strong>l</strong></span> 
     </span>
    </p>
   </div>
   <div class='ocr_carea' id='block_1_13' title="bbox 0 0 1530 4854">
    <p class='ocr_par' dir='ltr' id='par_1_13' title="bbox 0 0 1530 4854">
     <span class='ocr_line' id='line_1_46' title="bbox 0 0 1530 4854; baseline 0 0"><span class='ocrx_word' id='word_1_425' title='bbox 0 0 1530 4854; x_wconf 95' lang='lat' dir='ltr'><strong> </strong></span> 
     </span>
    </p>
   </div>
  </div>
 </body>
</html>
