3052 4854
332 589 605 700 VARIAE
646 589 1100 704 LECTIONES

587 849 659 924 ET
685 849 842 926 NOTAE

481 1056 527 1116 IN
548 1054 738 1116 SATlRAM
759 1058 949 1119 PRIMAM.

190 1465 223 1500 nn
235 1449 328 1502 Serius
340 1465 427 1502 retus.
441 1422 547 1508 Verus
562 1462 602 1502 est
618 1449 794 1522 interpretum
811 1449 918 1521 querela
933 1447 967 1502 de
984 1448 1147 1502 obscuritate
1160 1447 1241 1519 hujus

189 1530 217 1582 in
233 1531 324 1601 primis
341 1530 434 1584 satire.
453 1529 537 1600 Cujus
554 1528 662 1602 quidem
676 1549 732 1582 non
749 1530 828 1583 verbe
844 1529 930 1582 solum
943 1543 970 1583 et
984 1529 1093 1601 singule
1107 1530 1242 1582 sententie

189 1610 275 1662 minus
287 1607 421 1662 interdum
435 1622 531 1680 spertte
543 1622 620 1672 sunt;
634 1612 818 1662 verumetiam
830 1607 954 1680 dialogus
965 1609 1067 1662 vicibus
1079 1607 1187 1662 alternis
1199 1610 1242 1662 vix

190 1705 221 1739 stc
233 1707 266 1740 ne
278 1689 320 1740 vix
332 1686 439 1760 quidem
453 1701 493 1740 est
505 1686 659 1754 distinctus,
671 1689 814 1760 ipsumque
826 1701 1025 1759 ugumenmm,
1039 1689 1117 1740 sicuti
1127 1686 1243 1740 nonnul·

189 1769 221 1822 lis
236 1769 341 1842 placet,
359 1768 433 1821 haud
449 1771 485 1822 ita
501 1769 611 1842 simplest
624 1782 650 1824 et
662 1790 753 1823 unum.
766 1770 940 1823 incommoda
955 1770 1012 1822 hsec
1025 1773 1122 1823 invexit
1136 1773 1242 1839 omnia,

188 1863 283 1921 preater
297 1851 433 1922 scriptoris
446 1852 598 1920 ingenium,
617 1853 674 1922 ipsa
689 1853 803 1903 materise
818 1850 945 1904 conditio.
966 1851 1085 1918 Scilicet,
1104 1853 1144 1902 uti
1161 1871 1241 1923 supra

188 1941 345 1999 argumento
359 1929 526 1996 monuimus,
539 1928 680 2000 equalium
692 1931 754 1982 vitia
768 1930 915 1982 litterarum
930 1928 1162 2001 litterutorumque
1178 1949 1242 2002 prs-

188 2023 236 2060 vos
250 2025 338 2060 mores
352 2005 509 2079 redarguere
526 2008 630 2060 Persius
646 2007 759 2059 instituit
764 2029 777 2072 ¹,
787 2007 968 2078 periculosum
982 2027 1051 2079 opus
1064 2009 1201 2080 proiecto,
1216 2021 1243 2060 et

190 2085 263 2157 quod
274 2099 366 2158 sperts
379 2089 468 2140 fronte
479 2089 522 2139 vix
538 2106 664 2160 peregere
676 2091 818 2157 sustineat,
834 2107 917 2160 quum
929 2088 1096 2160 impetendus
1109 2089 1142 2142 sit
1154 2108 1244 2160 popu-

188 2162 245 2232 lus,
254 2177 281 2217 et
289 2179 440 2237 magnetes,
456 2179 483 2218 et
495 2168 550 2238 ipsc
563 2179 624 2220 ente
636 2166 703 2220 ulios
715 2167 802 2234 Nero,
813 2166 855 2220 vel
867 2166 985 2220 inbonis
998 2167 1098 2220 artibus
1110 2169 1243 2238 nequissi-

189 2246 330 2298 musllinc
338 2247 475 2298 sententie
481 2245 675 2319 hominumque
683 2250 792 2300 nentina
799 2265 868 2318 sepe
875 2245 1061 2318 sepiusverbis
1068 2261 1149 2317 atque
1157 2247 1243 2298 omnis

190 2326 293 2394 generis
309 2325 400 2396 liguris
411 2325 592 2389 dissimulem
609 2325 672 2379 hinc
685 2325 807 2398 &alogus
821 2329 943 2396 personis
955 2345 1010 2379 non
1022 2325 1108 2379 dicem
1120 2325 1244 2379 indistin-

191 2415 263 2467 ctus,
273 2401 319 2456 sed
330 2406 420 2475 potius
432 2421 542 2470 cerens,
554 2419 683 2474 tanquam
693 2407 716 2457 si
725 2403 787 2456 uelit
798 2417 893 2457 auctor
903 2406 931 2456 in
943 2403 1068 2474 ambiguo
1079 2403 1243 2476 relinquere,
1339 2418 1346 2428 ·

191 2486 296 2536 cuinam
303 2485 443 2538 tribuenda
452 2487 504 2538 sint
509 2525 518 2552 ,
528 2504 586 2556 que
594 2485 772 2550 dixerit3hinc
779 2486 895 2558 denique
903 2485 996 2538 indutu
1004 2487 1054 2538 toti
1062 2487 1137 2558 operi
1144 2487 1244 2552 forms,

190 2581 250 2635 que
263 2576 304 2616 est
314 2563 471 2616 deliberatio
483 2563 618 2635 quedam,
630 2582 665 2616 sn
677 2566 783 2616 satiram
797 2563 964 2618 scribendum
977 2566 1025 2632 sit,
1037 2565 1138 2616 necne?

226 2645 300 2712 Quas
318 2642 443 2715 smbsges
460 2661 544 2716 quum
562 2643 645 2716 poulo
662 2646 696 2697 sit
713 2643 847 2698 difficilius
865 2644 1014 2712 rescivere,
1032 2645 1243 2714 continuumque

191 2727 317 2778 cretionis
328 2726 498 2798 propositum
509 2724 641 2796 relegere,
649 2739 685 2778 'et
697 2745 867 2798 quocumque
878 2729 1010 2798 pertineat
1024 2725 1176 2798 pervidere;
1193 2725 1243 2778 sibi

189 2807 216 2857 in
234 2807 351 2858 suinum
366 2804 530 2858 induxerunt
547 2805 669 2858 nonnulli
687 2809 940 2872 commentantium,
958 2821 1012 2858 non
1033 2806 1086 2858 boc
1104 2823 1162 2858 esse
1181 2823 1242 2877 per-

188 2887 290 2938 fectum
304 2888 382 2940 unius
397 2887 485 2958 operis
499 2904 615 2958 corpus,
631 2885 679 2939 sed
692 2900 800 2940 truncas
820 2887 985 2942 diversorum
1006 2907 1119 2960 operum
1137 2899 1242 2959 partes,

191 2980 218 3020 et
234 2966 304 3020 bunc
322 2970 430 3020 sutirum
447 2985 461 3018 e
482 2965 599 3037 plurium
615 2967 754 3020 satirarum
777 2967 878 3020 laciniis
899 2968 981 3021 fuisse
1003 2981 1143 3020 consutam
1163 2981 1242 3040 atque

190 3047 311 3118 improbe
327 3060 486 3099 contextum.
505 3048 544 3098 Es
557 3046 591 3098 de
606 3065 634 3098 re
647 3046 821 3100 disserentem
837 3047 946 3099 doctum
965 3048 1062 3119 Koestip
1081 3045 1173 3098 audire
1183 3052 1242 3099 ‘est

193 3147 205 3172 ι
216 3124 346 3197 Equidem
358 3142 464 3196 semper
475 3126 555 3176 stetui
569 3137 649 3195 etque
662 3125 741 3178 etism
753 3144 825 3178 nunc
841 3143 883 3178 me
900 3127 927 3176 in
942 3123 1035 3176 eudem
1048 3126 1173 3196 opinione
1186 3143 1243 3177 esse

190 3206 334 3273 eoniiteor,
345 3206 458 3277 primam
471 3203 540 3258 hanc
552 3206 633 3258 Persii
645 3207 753 3258 sutirum
765 3225 779 3258 e
791 3205 896 3258 duabus
908 3204 1005 3258 diversi
1018 3206 1167 3277 argumenti
1179 3207 1242 3258 suti-

190 3285 225 3336 ris
236 3303 300 3336 casu
312 3283 403 3357 aliquo
415 3303 473 3336 esse
482 3283 640 3348 conflatam
652 3285 679 3336 in
691 3303 804 3356 querum
814 3303 868 3337 unu
880 3287 1064 3338 necessitatem
1075 3286 1167 3337 satiras
1178 3287 1243 3336 scri-

190 3363 271 3418 bendi
282 3367 449 3438 exposuerit,
467 3367 495 3417 in
511 3364 594 3417 slters
607 3363 738 3417 scribendi
750 3379 776 3418 et
787 3363 916 3418 recitandi
927 3363 1063 3417 libidinem
1076 3383 1242 3436 pravumque

190 3441 327 3498 bominum
339 3445 373 3498 de
384 3447 531 3498 carminum
543 3444 684 3498 virtutibus
693 3445 823 3517 judicium
835 3447 931 3498 acriter
942 3444 1139 3518 perstrinxerim
1155 3464 1241 3518 neque

191 3541 276 3594 peuce
296 3545 328 3578 ex
347 3539 460 3597 utraque
479 3525 651 3578 intercidisse.
674 3524 717 3576 Ad
734 3528 849 3597 priorem
866 3524 931 3577 mibi
947 3525 1104 3597 pertinuisse
1119 3523 1242 3576 videntur

191 3617 216 3654 v.
229 3617 361 3670 s-rs,et
371 3621 418 3674 ¹⁰7
429 3604 557 3677 usquead
567 3605 661 3667 lineum
671 3603 704 3656 ud
714 3609 888 3676 posteriorem
898 3604 1002 3676 reliqui.
1010 3606 1098 3675 Atque
1108 3607 1134 3656 in
1144 3606 1175 3656 iis
1183 3623 1241 3658 ver-

192 3679 265 3736 sibus
276 3703 344 3756 qucs
355 3685 390 3738 sd
402 3685 511 3738 sltersm
526 3686 632 3738 satiram
642 3687 802 3758 pertinuisse
813 3685 939 3754 diximus,
953 3704 1008 3738 non
1022 3703 1077 3736 uno
1091 3688 1118 3736 in
1133 3684 1193 3737 loco
1206 3687 1242 3738 vi·

192 3759 285 3816 demus
299 3767 424 3818 transitus
442 3765 513 3820 adeo
522 3765 603 3818 duros
616 3779 643 3819 et
658 3763 787 3839 obruptus
801 3785 944 3839 rerumque
963 3767 1155 3838 expositionem
1172 3763 1240 3818 sdeo

191 3857 313 3894 maucom
323 3860 355 3896 eo
367 3842 496 3911 debilem,
510 3857 540 3896 ut
551 3845 633 3898 Persii
642 3845 765 3899 menibus
774 3849 897 3917 injuriam
911 3846 998 3898 iacere
1008 3862 1082 3915 paene
1091 3841 1241 3912 videamur,

193 3919 215 3970 si
224 3918 269 3970 ills
279 3923 447 3987 eic,utnuno
455 3926 687 3992 circumferuntur,
696 3924 730 3978 sb
743 3945 776 3979 co
790 3927 911 3998 proiecta
923 3944 980 3978 esse
991 3923 1160 3987 arbitremur,
1170 3941 1240 3993 pres·

194 3999 281 4051 sertim
291 4019 371 4072 quum
381 4021 412 4055 ex
422 4003 552 4069 secunda,
562 4006 653 4076 quintu
664 4018 690 4056 et
700 4020 773 4059 sextu
785 4008 864 4059 sstira
874 4006 1044 4076 perspicuum
1054 4005 1101 4066 sit,
1113 4019 1173 4053 eum
1184 4020 1239 4055 non

194 4077 279 4132 solere
299 4080 404 4150 singule
423 4096 477 4136 tum
494 4083 585 4138 leviter
599 4085 741 4156 attingere,
759 4105 843 4159 esque
859 4097 963 4137 tuntum
977 4101 1064 4136 rernm
1080 4083 1240 4138 lineamenta
