3052 4854
423 381 473 444 ΙΝ
498 378 711 444 SATIRAM
735 379 1007 446 SECUNDAM.
1197 383 1239 470 87

192 509 258 561 lucis
269 503 470 574 evitandumque
481 500 605 553 bidental.
614 499 730 553 -Nilril
740 498 810 552 ultra
822 499 886 552 dixit
897 520 975 572 qnam
985 523 1018 556 urs
1032 508 1095 576 quia
1109 525 1163 560 nou
1170 511 1245 578 jaces

190 601 322 656 purcussus
332 579 468 652 fulmiue;
480 579 639 631 sententiam
651 597 713 630 vero
728 581 856 651 expressit
873 597 904 632 ex
916 581 968 631 ritu
981 585 1107 653 antiqno,
1120 603 1175 656 quo
1188 585 1243 638 tut-

193 665 285 736 guriti,
296 659 338 714 vel
349 661 410 712 loce
421 659 533 711 fulmine
546 673 627 724 tacta,
640 679 671 711 es
681 659 851 712 Etruscorum
864 678 939 711 urore
952 674 977 711 et
989 663 1108 714 instituto
1119 684 1245 735 procura·

193 741 418 795 bantur-fibris
428 741 530 810 ouium,
544 741 609 791 estis
622 757 747 791 casarum
759 740 939 805 victimarum,
954 758 1010 812 qute
1025 743 1242 813 inspiciebantur.

193 826 376 898 -Erqenum
394 839 492 872 nomen
507 821 611 872 Etrusci
628 819 791 884 sacerdotis,
810 823 924 892 quiquo
940 839 1013 872 more
1029 821 1132 892 fulgura
1148 825 1245 876 conde-

194 916 285 955 rentur
296 903 420 971 jusserat.
437 900 534 952 Forma
548 899 663 951 nominis
678 899 808 965 Etrusca,
827 912 857 950 ut
872 903 1024 968 Porsenna,
1042 901 1168 970 Sisenna,
1185 905 1245 955 Per-

193 1002 295 1056 penno,
309 993 337 1034 et
350 980 454 1032 similia.
464 1009 500 1020 -
511 980 610 1046 Triste,
628 977 692 1030 mali
709 980 818 1045 ominis,
832 992 983 1031 mutuatum
999 979 1033 1032 ab
1050 981 1174 1046 llcratio,
1189 983 1245 1033 Art.

193 1065 267 1116 Poet.
280 1079 346 1114 vers.
360 1059 408 1131 47¹
426 1082 431 1110 :
451 1083 480 1112 ι.
493 1099 499 1110 .
512 1099 517 1110 .
530 1099 535 1110 .
549 1098 554 1109 .
566 1078 599 1110 an
615 1062 688 1111 triste
703 1057 820 1112 bidental
832 1061 945 1111 Moverit
959 1062 1084 1113 incestus.
1097 1049 1116 1107 η’
1125 1089 1160 1098 -
1174 1061 1248 1112 daces

194 1144 273 1195 traxit
295 1141 469 1194 Casaubonus
488 1139 522 1192 ad
543 1138 628 1212 legem
647 1139 758 1191 Cascam
779 1140 887 1208 Numa,
909 1159 961 1212 qua
984 1139 1138 1212 fulguritum
1159 1139 1247 1193 homi-

194 1242 255 1276 nem
273 1225 300 1274 in
316 1240 402 1294 genua
418 1221 476 1273 tolli
489 1219 630 1273 vetabatur
646 1241 652 1270 ι
673 1221 750 1272 nimis
766 1233 860 1291 arguta
875 1219 982 1272 videtur
998 1239 1029 1272 ea
1050 1223 1248 1292 interpretatio,

195 1321 277 1374 quum
288 1300 441 1372 simpliciter
451 1299 504 1352 dici
513 1299 597 1352 soleat
601 1302 691 1371 jacere
704 1296 737 1351 de
748 1298 870 1371 quolibet
882 1300 982 1351 occiso.
993 1329 1029 1340 -
1039 1299 1115 1352 Lucis
1126 1297 1250 1372 intelligit

194 1383 289 1453 lioenig
301 1379 334 1432 de
350 1381 415 1451 ipsis
435 1379 555 1452 templis,
572 1378 619 1431 ubi
629 1390 691 1430 vota
705 1380 787 1430 faciat
802 1382 899 1450 impius
914 1391 1052 1450 precator,
1067 1381 1134 1430 etin
1150 1378 1249 1450 quibus

194 1463 304 1515 fulmine
322 1474 408 1513 tactus
422 1462 531 1531 jacests
552 1459 605 1512 dici
622 1478 685 1511 vero
706 1477 813 1531 quoque
830 1472 918 1531 potest
931 1458 965 1512 de
978 1457 1098 1530 quolibet
1110 1458 1186 1528 loco,
1202 1459 1250 1511 ubi

107 1607 109 1615 Ι
194 1542 306 1594 fulmine
321 1553 470 1613 prostratus
482 1541 576 1607 fuerit,
589 1541 635 1612 qui
651 1539 754 1591 nefaria
768 1541 861 1592 lovem
877 1541 1006 1606 oraverit,
1023 1552 1050 1591 et
1062 1538 1108 1590 ubi
1121 1539 1250 1592 sacrificia

195 1622 260 1674 liant
276 1634 303 1674 et
317 1622 481 1674 cerimonia.
492 1621 560 1672 Nem
571 1617 646 1671 lucus
655 1630 696 1670 est
705 1637 809 1671 sacrum
819 1637 928 1687 nemus,
941 1617 1085 1690 quilibetve
1096 1617 1164 1673 alius
1175 1619 1251 1672 locus

194 1720 284 1766 sacer,
300 1715 346 1754 aut
360 1717 489 1755 sacratus.
500 1698 760 1770 -Euitandumque
776 1695 900 1750 bidental.
919 1699 1030 1769 Proprie
1046 1697 1162 1750 bidental
1175 1697 1251 1750 locus

196 1794 236 1834 est
245 1780 397 1852 fulguritus,
408 1799 486 1854 quem
497 1777 634 1849 fulgurum
645 1791 834 1851 procuratores
846 1779 919 1832 casis
931 1776 1086 1832 bidentibus
1097 1777 1252 1850 expiabant,

196 1857 1252 1934 etcireumsepiebent,etreligionibusconsecrnbunt,nequisattingeretQuod

196 1943 283 2013 siquis
292 1943 472 2008 iaceret,sese
480 1937 777 1992 conscelerubat.Unde
785 1938 1021 2009 Horat.,locojam
1030 1940 1152 2010 superius
1160 1939 1252 2004 citato,

197 2021 262 2074 dixit
271 2024 394 2092 moverits
404 2021 476 2074 unde
488 2021 585 2072 Noster
597 2018 663 2070 dicit
672 2017 832 2072 evitandum.
846 2021 952 2070 Dictum
965 2029 1004 2070 est
1017 2031 1105 2069 autem
1120 2017 1250 2083 bidental,

197 2103 271 2174 qnod
284 2104 311 2155 in
326 2121 358 2154 eo
374 2102 516 2156 bidentibus
528 2099 721 2166 sacrificarent,
735 2101 772 2151 ait
785 2099 894 2167 Festus,
909 2097 1004 2150 ovibus
1019 2097 1134 2166 scilicet,
1149 2111 1208 2166 aut,
1223 2111 1253 2150 ut

197 2178 241 2232 alii
259 2181 366 2249 volunt,
383 2181 496 2233 'victimis
516 2175 680 2252 quibuslibet
697 2177 813 2229 biennia
829 2180 922 2229 atatis.
937 2177 986 2228 llic
1001 2193 1066 2226 vero
1083 2179 1188 2228 Persius
1201 2195 1251 2227 no·

198 2280 258 2316 men
276 2260 400 2314 Bidental
416 2281 430 2314 a
447 2261 509 2312 loco
526 2257 661 2312 transtulit
678 2256 712 2310 ad
725 2261 814 2328 ipsum'
828 2257 963 2308 hominem
975 2253 1146 2326 fulguritum,
1160 2274 1253 2328 quem·

199 2339 343 2392 admodum
360 2337 476 2392 Lucilius
489 2337 587 2409 aliique
599 2348 685 2407 poetae
700 2353 826 2387 carcerem
843 2333 980 2406 appellunt
994 2331 1131 2385 hominem
1144 2333 1253 2404 dignum

199 2437 313 2471 carcere.
326 2421 404 2471 Conf.
414 2421 510 2470 iuven.
520 2417 588 2482 ,Vl,
601 2415 653 2468 586
662 2433 735 2484 sqq,
750 2427 776 2466 et
790 2413 827 2465 ibi
841 2415 966 2484 liuperti3
978 2411 1077 2464 Lucan.
1091 2413 1117 2478 l,
1132 2412 1185 2465 606
1195 2431 1234 2487 sq.
1245 2435 1252 2477 3

198 2497 307 2548 Lucian.
323 2498 385 2568 inp.
403 2495 512 2548 Coniut.
528 2507 593 2544 tom.
606 2495 645 2558 11,
662 2511 690 2562 p.
703 2491 754 2545 638
767 2491 808 2544 ed.
819 2493 903 2554 Reiz.;
920 2493 1006 2543 Amm.
1020 2491 1138 2544 Marcell.
1149 2493 1252 2557 xxnh

199 2576 372 2630 Kircbmann.
388 2575 422 2628 de
431 2577 468 2628 Re
482 2573 583 2627 Funeb.
594 2576 707 2625 Roman.
720 2571 803 2640 11‚3;
816 2572 901 2624 Cicer.
913 2568 947 2623 de
956 2573 1070 2625 Divinat.
1082 2575 1118 2642 11,
1134 2573 1164 2626 18
1174 2591 1233 2646 sqq.

235 2726 305 2776 Nur.
322 2723 363 2776 28.
378 2722 480 2774 idcirco
489 2717 611 2774 stolidam
621 2707 775 2792 prebet'tibi
783 2719 878 2772 uellere
887 2719 990 2771 midam
1002 2720 1114 2791 Jupiter.
1126 2749 1163 2761 -
1172 2719 1254 2774 Stoli-

199 2806 261 2856 dam
268 2843 278 2871 ,
288 2799 405 2874 metaph.
417 2820 466 2874 pro
476 2799 727 2854 stolide-Barbam
738 2799 843 2864 vellere,
856 2819 905 2872 pro
918 2799 1036 2873 quolibet
1045 2819 1143 2874 genere
1155 2815 1253 2854 contu·

200 2885 284 2939 melite
298 2897 325 2938 et
336 2895 516 2955 contemptus.
530 2883 646 2934 Proedere
657 2881 864 2934 vellere-bardam
874 2881 945 2934 idem
952 2882 1021 2934 velet
1029 2899 1060 2934 ac
1067 2880 1140 2954 apud
1148 2883 1253 2934 Livium

200 2966 247 3019 lib.
260 2967 379 3037 1v‚cap.
392 2963 427 3018 35
444 2985 449 3014 :
472 2987 483 3010 ι
491 2965 604 3036 praebere
623 2963 658 3015 ed
676 2961 865 3016 contumeliam
880 2980 941 3015 os.»
962 2961 1079 3031 Quidam
1095 2961 1254 3016 allusionem

200 3046 253 3100 hoe
263 3063 322 3098 esse
336 3043 502 3098 contendunt
515 3043 550 3097 ud
564 3045 666 3096 factum
680 3044 801 3116 Dyonisii
810 3043 983 3115 Syracusani,
994 3045 1041 3115 qui
1052 3042 1179 3114 Epidauri
1191 3041 1254 3095 bar-

200 3127 264 3179 bam
272 3124 415 3197 Erculapio
427 3142 534 3177 auream
547 3121 659 3188 ademit,
672 3121 817 3176 ludibrium
834 3119 935 3174 addens
949 3143 954 3172 :
972 3140 1027 3174 non
1040 3121 1136 3174 decere
1150 3133 1254 3193 patrem

201 3221 258 3259 csse
279 3205 442 3270 imberbem,
464 3201 578 3274 (nempe
596 3200 783 3273 Apollinem),
804 3200 888 3253 filium
905 3217 984 3266 veru,
1002 3197 1119 3269 (scilicet
1136 3197 1256 3251 AEscule·

200 3286 306 3358 pium),
322 3303 380 3338 esse
390 3283 542 3338 barbatum.
550 3281 601 3334 Sed
613 3300 646 3333 ex
657 3300 690 3334 eo
702 3283 774 3334 facto
788 3280 832 3332 sel
848 3278 922 3351 apud
931 3281 1047 3344 Graecos,
1056 3280 1098 3332 vel
1114 3278 1187 3352 apud
1199 3281 1254 3332 lto-

201 3383 294 3419 manos
308 3366 411 3419 venisse
430 3363 500 3416 banc
518 3362 682 3415 locutionem
696 3362 893 3414 usitatissimam
910 3361 952 3412 vix
966 3358 1133 3413 crediderim.
1156 3359 1256 3411 Verisi-

202 3447 291 3498 milius
303 3459 344 3498 est
354 3447 457 3498 venisse
471 3461 502 3495 ex
516 3461 567 3495 usu
579 3455 697 3494 veterum
715 3441 828 3493 effusam
843 3441 1053 3510 promissamque
1066 3435 1176 3508 gerendi
1191 3437 1255 3490 bar·

203 3524 277 3592 bam,
294 3544 375 3598 quam
389 3524 439 3578 sibi
453 3523 498 3578 alii
510 3522 568 3574 aliis
581 3520 714 3573 interdum
729 3518 893 3572 vellicarent.
910 3519 1001 3570 Horat.
1016 3518 1158 3570 Satirarum
1171 3513 1218 3568 lib.
1230 3518 1257 3583 1,

204 3605 234 3671 3,
246 3623 284 3658 rs.
301 3606 349 3658 133
363 3627 369 3656 ι
387 3625 398 3651 ι
410 3601 521 3660 Veiiunt
533 3600 581 3653 tibi
593 3600 699 3652 barbam
709 3600 812 3653 lascivi
823 3599 908 3672 pueri.
919 3621 931 3648 ι
945 3599 1058 3671 Respice
1069 3594 1103 3647 ad
1115 3610 1194 3648 notes
1205 3607 1254 3647 sat.

205 3687 347 3756 superioris
358 3703 395 3737 vs.
412 3684 475 3751 133,
486 3701 547 3755 paq.
558 3679 601 3736 66.

240 3836 309 3889 Nou.
321 3853 362 3906 29.
373 3835 427 3904 Aut
437 3835 566 3910 quidnam
580 3843 627 3897 est,
641 3851 694 3905 qua
708 3842 735 3883 tu
749 3832 864 3884 mercede
877 3833 982 3884 deorsam
997 3825 1098 3880 Emeris
1111 3823 1258 3877 curiatius?

206 3915 318 3981 -Aut,
334 3917 411 3967 initio
423 3917 560 3968 sententie
576 3915 603 3965 in
616 3929 740 3966 sermone
753 3909 933 3983 objurgantis,
948 3909 1030 3962 babet
1041 3902 1163 3957 nonnihil
1174 3923 1257 3958 venu-

207 3997 297 4060 statis,
310 4007 340 4046 ut
348 3995 431 4047 attice
441 3993 508 4046 i.-
517 3993 648 4064 Quidnam
661 4003 713 4059 est,
727 4010 781 4065 qua
794 3992 910 4044 mercede
915 4014 925 4052 ,·
937 4008 986 4062 pro
998 3984 1125 4059 quidnam
1140 3996 1192 4050 est,
1205 4003 1257 4058 que

210 4086 336 4148 tanquam
350 4075 472 4127 mercede.
480 4074 561 4125 -Tu
572 4072 721 4144 opponitur
730 4071 811 4126 verbo
826 4073 949 4135 deomm,
961 4067 995 4120 ed
1006 4063 1192 4120 ostentandam
1205 4062 1258 4116 lto-
