3052 4854
181 385 1149 418 mmmmmmvwvuvwwwuwwmmmmm
1153 397 1226 418 m„

365 599 650 713 SATlRA
680 601 1055 716 SECUNDA.

189 1081 314 1188 Hunc,
330 1105 495 1187 Macrine,
508 1103 600 1173 diem
611 1127 753 1172 numera
764 1103 902 1174 meliore
913 1105 1044 1199 lapillo,

188 1218 255 1302 Qui
267 1215 327 1284 tibi
340 1213 490 1284 labentes
502 1219 643 1311 apponit
654 1216 819 1285 candidus
830 1241 949 1285 annos.

189 1327 306 1396 Funde
318 1351 450 1396 merum
461 1330 566 1396 Genio
581 1356 588 1396 :
603 1351 673 1396 non
685 1346 723 1398 tu
734 1353 835 1422 prece
845 1333 956 1421 poscis
968 1333 1088 1410 emaci,

188 1443 272 1526 Quae
283 1440 348 1507 nisi
360 1439 506 1508 seductis
518 1464 666 1536 nequeas
678 1442 887 1508 committere
898 1440 994 1509 divis.

189 1547 332 1617 Athona
342 1575 421 1644 pars
432 1575 613 1645 procerum
625 1555 724 1622 tacita
736 1552 854 1621 libabit
864 1577 989 1622 acerra.
1219 1569 1235 1622 5

188 1660 288 1728 Haud
296 1664 400 1730 cuivis
407 1679 675 1755 promptumest,
683 1649 1290 1762 murmurquehumilesquesusurros

188 1770 322 1840 Tollere
334 1772 376 1841 de
387 1773 539 1866 templis,
552 1791 586 1842 et
596 1793 713 1870 aperto
724 1779 837 1846 vivere
849 1793 938 1848 voto.

187 1885 286 1950 Mens
298 1881 402 1966 bona,
414 1883 519 1965 fama,
531 1883 631 1970 fides;
645 1886 718 1954 haec
729 1886 834 1970 clare,
848 1903 882 1955 et
892 1903 931 1955 ut
942 1888 1057 1955 audiat
1068 1888 1190 1980 hospes
1204 1913 1210 1954 :

188 1989 251 2058 llla
263 1991 327 2058 sibi
337 1994 522 2061 introrsum
534 2010 569 2061 et
579 1994 643 2062 suh
654 1993 771 2088 lingua
781 1999 1036 2080 immurmurat:
1050 2000 1120 2064 Osi

189 2103 317 2173 Ebulllt
327 2109 438 2200 patrui
448 2106 651 2200 praeclarum
663 2109 785 2177 funus!
801 2112 932 2206 et,Osi
1207 2135 1237 2170 ιο

192 2217 261 2288 Sub
268 2234 377 2286 rastro
389 2235 505 2311 crepet
516 2222 647 2312 argenti
658 2221 742 2288 mihi
755 2225 857 2304 seria,
870 2220 988 2290 dextro

189 2329 351 2399 Herculei
366 2330 576 2423 pupillumve
588 2334 734 2415 utinam,
748 2353 849 2426 quem
861 2334 1034 2423 proximus
1047 2331 1144 2398 heres

190 2439 349 2533 impello,
362 2447 569 2533 expungam!
581 2465 729 2536 namque
741 2459 793 2510 est
804 2441 994 2523 scabiosus,
1007 2458 1042 2508 et
1051 2444 1121 2508 acri

447 2659 562 2702 ffl'llffl
573 2661 715 2702 81101111ὓέ
728 2661 980 2703 rnunnrnmrto.

229 2775 309 2838 Albo
321 2790 397 2837 nota
408 2775 527 2837 calculo
536 2776 619 2838 diem
635 2777 741 2852 istum,
754 2779 905 2853 Macrine,
918 2779 971 2859 qui
983 2777 1100 2838 faustus
1112 2777 1170 2838 tibi
1185 2800 1238 2838 an·

190 2885 334 2933 numerat
343 2893 442 2932 annos
451 2885 677 2955 praetereuntes.
686 2873 793 2934 Funde
803 2874 912 2934 vinum
925 2876 956 2932 in
969 2871 1123 2934 honorem
1131 2873 1238 2950 Genii,

188 2969 269 3032 cultu
277 2973 406 3052 simplice
411 2996 423 3046 ‚·
435 2972 592 3031 nonenim
601 2983 637 3031 tu
647 2973 671 3030 is
681 2992 727 3048 es,
737 2973 791 3053 qui
803 2971 945 3054 precibus
954 2974 1107 3055 emptioni
1119 2970 1238 3031 similli-

190 3070 248 3128 mis
259 3091 295 3130 ea
307 3069 379 3130 deos
389 3091 494 3151 roges,
504 3090 574 3150 quae
583 3091 649 3130 non
660 3071 779 3154 possint
789 3071 827 3130 iis
838 3072 990 3131 committi
1000 3073 1058 3132 nisi
1070 3071 1187 3130 aturba
1197 3092 1239 3132 se-

190 3168 293 3227 motis.
305 3166 485 3250 Principum
498 3189 571 3228 vero
582 3189 698 3249 magna
711 3189 797 3251 pars,
812 3166 904 3228 thura
916 3167 1031 3241 libans,
1047 3169 1138 3228 tacite
1147 3183 1178 3227 et
1187 3187 1239 3228 oc-

189 3263 272 3336 culte
283 3277 434 3344 precatur.
451 3262 570 3325 Scilicet
579 3265 684 3348 paucis
696 3263 867 3324 admodum
880 3264 926 3325 fas
942 3280 986 3324 est
999 3285 1087 3324 voces
1099 3264 1165 3324 illos
1179 3261 1238 3324 hu-

190 3361 293 3437 miles,
303 3382 380 3442 quas
389 3362 447 3422 diis
457 3364 664 3439 insusurrant,
675 3376 704 3422 et
712 3363 824 3444 quibus
837 3377 977 3447 strepunt
988 3364 1080 3440 aedes,
1094 3363 1184 3424 altius
1194 3363 1240 3424 ef-

190 3458 284 3534 ferre,
293 3460 427 3518 atvitam
433 3461 513 3520 votis
523 3461 628 3542 palam
638 3459 787 3543 profiteri.
798 3461 886 3522 Mens
893 3484 981 3538 sana,
992 3463 1076 3522 bona
1086 3461 1238 3522 existima-

190 3555 251 3630 tio,
261 3556 344 3615 bona
353 3554 429 3615 fides
438 3579 445 3614 ε
455 3555 520 3616 haec
531 3569 601 3616 sunt
612 3570 695 3632 vota,
706 3578 775 3638 quae
787 3572 1006 3641 nuncupentur
1018 3555 1101 3616 clara
1110 3577 1200 3630 voce,
1210 3569 1240 3616 et

192 3664 227 3710 ut
239 3651 345 3712 audire
356 3653 453 3735 possit
462 3654 650 3735 quicumque
659 3654 775 3736 templo
788 3653 880 3715 fuerit
890 3669 1039 3736 exceptus.
1053 3652 1108 3714 llla
1120 3673 1193 3712 vero
1206 3652 1239 3710 in

193 3747 299 3808 animo
313 3761 342 3808 et
359 3751 393 3809 in
412 3771 466 3810 ore
483 3771 586 3811 secum
602 3753 787 3811 mussitant:
804 3754 931 3813 Utinam
949 3753 1111 3833 derepente
1127 3760 1238 3830 patruo

193 3841 289 3902 funus
314 3859 478 3927 apparetur
499 3868 594 3928 quam
615 3846 914 3929 splendidissimum!
935 3849 1081 3920 Utinam,
1101 3843 1239 3926 propitio

195 3937 341 4016 Hercule,
355 3946 451 4002 aranti
467 3942 540 4004 milri
557 3943 614 4004 sub
631 3958 729 4004 rastro
743 3947 870 4028 crepitet
881 3966 933 4005 vas
950 3944 1077 4028 plenum
1094 3943 1238 4020 argento!

195 4035 322 4096 Utinam
334 4037 503 4118 pupillum,
517 4061 608 4121 quern
620 4039 707 4102 heres
716 4042 863 4124 insequor
875 4039 973 4121 gradu
985 4038 1158 4121 proximus,
1170 4057 1241 4117 pos·
