3056 4856
420 409 469 472 IN
494 405 707 474 SATIRAM
730 408 1003 476 SECUNDAM.
1191 414 1233 502 93

177 539 293 610 jaml...
305 532 435 586 -Verba
447 545 509 586 sunt
522 531 663 585 avidissimi
681 551 712 586 ac
731 533 877 587 stultissimi
892 538 1054 605 precatoris,
1072 555 1129 609 qna
1143 541 1236 592 recitat

186 613 264 668 simili
277 614 380 666 mtione
392 631 423 665 nc
436 630 516 684 snpra
528 611 562 664 ad
573 631 598 664 v.
611 611 654 679 45.
665 615 724 665 lam
736 613 787 666 sibi
798 627 888 666 tenere
901 613 1004 668 videtur
1014 614 1095 668 homo
1110 632 1136 670 et
1147 634 1235 691 patu·

186 695 248 760 lari,
261 713 319 765 quse
332 695 474 764 exoptavit.
483 692 601 759 -Jom,
613 710 682 745 ecce.

220 803 289 854 Nos.
310 801 358 867 50,
378 799 420 854 51.
445 801 535 854 Donec
549 800 668 872 deceptus
686 811 712 852 et
731 819 816 874 exspes
831 803 1015 876 Nequicquam
1026 801 1115 872 fiendo
1131 807 1237 878 suspiret

186 899 307 934 nummus
321 883 349 932 in
363 881 425 933 imo.
437 883 547 949 -Quae
562 879 596 932 ad
611 879 684 932 illum
700 882 810 934 stultum
824 883 933 954 proprie
947 884 1096 956 pertinent,
1111 882 1145 935 ad
1161 905 1236 937 nnm-

187 979 261 1012 mnm
271 958 392 1014 translata
404 973 479 1027 sunt,
489 962 516 1012 in
528 962 581 1012 imo
590 961 752 1032 arcaefrsmlo
761 961 902 1034 reliquum.
913 961 937 1014 Is
948 963 1023 1035 qnasi
1034 963 1237 1019 contubernales

187 1057 250 1093 suos
263 1039 343 1092 alium
354 1053 416 1112 post
428 1040 509 1092 alium
519 1038 620 1092 viderat
632 1041 767 1112 depromi,
779 1043 967 1113 sacrificiisque
977 1040 1110 1114 impendi,
1122 1060 1239 1116 sempera

188 1137 240 1192 qne
252 1133 403 1193 speraverat
413 1123 471 1172 lore
487 1134 518 1172 ut
534 1139 595 1172 arca
608 1123 685 1174 novis
699 1119 822 1187 advenis,
842 1120 893 1173 deo
906 1121 1014 1174 tandem
1027 1135 1150 1189 exorato,
1163 1142 1238 1176 com·

187 1199 315 1271 pleretur,
331 1213 411 1272 atque
428 1213 458 1253 nt
473 1201 530 1271 ipse
545 1201 670 1253 immotus
687 1201 715 1252 in
733 1219 780 1254 sua
797 1199 859 1253 sede
872 1197 1056 1272 permaneret*
1066 1201 1117 1254 Sed
1133 1201 1238 1254 tandem

187 1279 320 1352 deceptum
333 1299 361 1333 se
374 1283 465 1348 sentit,
478 1283 570 1351 etjam
581 1295 667 1353 exspes
678 1281 801 1352 suspirat,
816 1298 897 1351 Qum
912 1278 945 1332 ad
959 1294 1124 1353 postremum
1135 1283 1193 1352 ipse
1205 1284 1238 1334 sit

188 1359 391 1431 expromendas.
401 1361 524 1412 Formam
536 1358 606 1411 banc
619 1361 746 1412 orationis
759 1359 793 1412 ab
805 1359 922 1412 Hesiodo
932 1362 1030 1430 Noster
1041 1373 1177 1414 mutuatus
1189 1374 1237 1414 est.

219 1520 279 1565 Van.
296 1520 333 1566 52.
345 1521 372 1565 Sr'
382 1519 422 1566 tibi
430 1527 530 1566 crateras
540 1522 629 1582 arpenti
638 1522 762 1583 incusaque
769 1520 853 1584 pinqui.
863 1544 895 1556 -
904 1520 979 1567 Habet
991 1519 1051 1567 8055
1064 1524 1198 1586 decussaque
1209 1522 1238 1568 ab

188 1593 299 1647 incutere,
310 1595 387 1638 caeteri
397 1607 453 1652 vero
463 1593 587 1655 incusaque
595 1591 625 1636 ab
635 1592 746 1638 incudere.
759 1589 812 1638 Plus
821 1590 893 1638 babet
903 1606 1046 1655 postremum
1057 1594 1200 1654 latinitatis,
1213 1607 1239 1640 ut

187 1663 338 1709 auctoritatis.
354 1688 386 1700 -
399 1663 426 1709 Sr'
443 1662 483 1708 tiln'
496 1671 598 1708 crateras
612 1667 703 1725 amasti
713 1663 834 1728 causaque
848 1666 941 1728 pinqui‚·
956 1662 1012 1726 legit
1024 1663 1174 1711 Casaubonus
1190 1682 1239 1712 cm·

188 1740 268 1788 ueras,
280 1745 305 1778 ut
314 1729 410 1779 verbum
419 1741 520 1779 creterra
531 1749 543 1778 a
555 1740 642 1778 cratere
654 1732 816 1794 distinguatur.
827 1732 873 1779 Sed
881 1733 913 1779 ita
922 1747 1005 1779 cavere
1014 1733 1071 1779 nihil
1081 1750 1176 1782 necesse
1186 1735 1237 1782 fuit.

222 1834 290 1884 Nor.
311 1829 353 1885 52.
368 1832 399 1885 Si
407 1831 454 1882 tibi
462 1841 572 1884 crateras
583 1832 686 1902 arpenti
696 1832 837 1904 incusaque
843 1831 937 1906 pinqui
946 1831 1018 1884 Aure
1028 1831 1239 1903 donofemm.—-

186 1913 246 1964 lam
258 1913 363 1965 Persius
374 1913 477 1964 sontem
488 1912 573 1983 aperit
585 1913 667 1962 totius
679 1913 775 1964 erroris
790 1913 817 1962 in
831 1909 986 1964 invocandis
1001 1909 1173 1984 colendisque
1188 1932 1239 1966 nu-

187 1990 322 2043 minibus:
341 1991 463 2045 bomincs
481 2009 577 2062 nempe
597 1989 675 2042 deum
694 1992 807 2062 ingeniis
826 1993 880 2043 suis
898 1993 1052 2056 metiuntur,
1071 2004 1098 2042 et
1117 1993 1163 2062 qui
1181 1995 1239 2044 anri

189 2069 333 2142 cupiditate
344 2069 451 2136 ardent,
465 2068 498 2122 de
506 2070 658 2122 numinibus
666 2068 736 2122 idem
745 2082 848 2142 putant.
857 2101 892 2110 -
902 2073 1018 2125 Crateras
1028 2073 1130 2144 arpenti
1138 2073 1240 2126 incusa-

188 2169 238 2224 que
246 2153 342 2227 pinpssi
352 2170 419 2204 curo
432 2151 517 2212 dona,
531 2149 615 2220 ligura
631 2164 670 2201 est
685 2147 708 2202 s'r
722 2145 766 2200 dul
775 2149 850 2212 sarta,
868 2153 944 2223 qnasi
957 2150 1066 2203 dixisset
1083 2155 1197 2204 crateres
1208 2173 1240 2205 ex

188 2239 295 2302 arpenta
309 2242 335 2283 et
347 2227 453 2283 caelatas
462 2247 536 2281 auro.
551 2229 645 2280 Senec.
655 2229 738 2298 Epist.
752 2227 785 2281 5:
802 2231 886 2281 eNon
899 2229 1029 2282 habemus
1042 2243 1178 2303 arpentum
1186 2271 1195 2297 ‚
1210 2235 1239 2284 in

189 2309 260 2379 quod
271 2305 347 2362 solidi
360 2311 420 2362 auri
434 2307 557 2361 coelatura
572 2305 740 2358 descendit.»
755 2307 846 2377 Virgil.
862 2307 966 2361 AEneid.
977 2311 1009 2374 V,
1025 2308 1094 2362 536:
1112 2311 1240 2362 «Cratera

190 2387 339 2520 imprpssnm
354 2389 464 2464 aperis.-
481 2384 640 2457 Hujusmotli
653 2388 757 2439 crateris
769 2385 912 2458 descriptio
933 2399 972 2440 est
987 2386 1059 2459 apud
1077 2389 1140 2441 Stat.
1154 2387 1237 2441 Theb.

189 2467 242 2532 Vl,
275 2469 306 2520 31
322 2485 379 2540 sqq.

221 2617 283 2664 Vas.
302 2617 344 2673 53,
359 2617 396 2675 54.
407 2617 480 2663 Sedes
492 2624 515 2662 et
522 2623 612 2679 pectore
625 2612 680 2660 loerro
689 2613 799 2660 Excutiat
807 2605 884 2679 quttds
897 2612 971 2661 loetari
978 2615 1141 2678 praetrepidum
1152 2632 1199 2664 cor.
1209 2635 1241 2659 ¹t.-

189 2685 275 2748 blsgna
285 2699 320 2732 est
328 2688 390 2733 inter
400 2685 503 2733 editores
515 2685 544 2732 de
556 2684 626 2746 hujus
636 2683 682 2731 loci
696 2683 794 2731 lectione
807 2686 939 2740 contentio,
954 2698 981 2730 nt
994 2685 1024 2732 de
1037 2687 1239 2748 interpretatione.

190 2755 268 2803 Edunt
275 2759 369 2820 quidam
376 2759 451 2804 MMS.
459 2757 533 2806 Codd.
541 2759 643 2804 acutius
650 2765 673 2804 et
681 2749 779 2802 letabu.
786 2757 843 2816 Qoae
850 2758 870 2802 si
876 2759 1006 2820 receperis,
1013 2760 1046 2805 sic
1055 2759 1240 2822 interpunxeris:

191 2826 262 2874 Sudes
270 2837 294 2874 et
299 2837 390 2892 pectere
400 2828 456 2875 lavo
464 2830 566 2875 mutans
571 2835 666 2892 quttas:
681 2824 773 2872 laetatm
781 2828 944 2890 proetrepidum
955 2845 1001 2876 cor.
1015 2827 1092 2876 Placet
1101 2845 1157 2875 vero
1168 2833 1241 2894 magis

191 2895 262 2949 altera
273 2899 355 2957 lectio,
366 2915 436 2964 qnam
448 2913 544 2948 tuentur
555 2913 578 2946 et
590 2901 664 2946 stMs.
676 2897 793 2954 nonnulli,
806 2911 830 2946 et
840 2897 914 2947 editor
925 2901 1010 2962 lloenig
1018 2901 1205 2963 probatissimus,
1218 2918 1242 2951 et

190 2969 296 3031 anologis
310 2973 386 3032 grace
394 2971 584 3026 constructionis,
603 2983 626 3016 et
641 2963 723 3016 sensus
737 2967 871 3032 simpliciori
888 2972 1005 3032 legerunt
1020 2969 1126 3018 nonnulli
1143 2971 1242 3031 tamn,

192 3039 255 3101 qnod
267 3041 392 3087 conveniat
404 3055 459 3086 cum
470 3044 580 3086 excutias.

226 3137 295 3189 Nor.
315 3137 363 3204 53,
378 3137 421 3200 54.
440 3137 521 3190 Sedes
539 3147 563 3189 et
576 3147 681 3208 pectore
695 3137 761 3191 lavo
774 3136 901 3189 Excutiat
910 3148 998 3212 partos
1012 3137 1095 3192 laetari
1106 3141 1241 3214 proetrepi·

192 3214 253 3268 dum
268 3235 356 3269 cor.-
364 3215 458 3283 Sudes,
471 3215 587 3289 trepides
600 3215 734 3274 exultaus;
750 3214 845 3267 eodem
860 3233 939 3270 sensu
950 3215 1060 3269 verbum
1073 3221 1186 3272 recurrit
1199 3222 1241 3272 in·

192 3295 249 3362 fra,
264 3297 314 3364 lll,
329 3295 414 3368 dp-
424 3299 532 3351 Pectore
548 3297 628 3358 laevo,·
645 3294 768 3348 nonnulli
783 3298 991 3368 interpretantur
1005 3298 1091 3364 malo,
1110 3298 1240 3373 improba,-

192 3375 295 3446 pretuli
311 3375 345 3429 de
361 3379 466 3430 sinistra
481 3391 557 3449 parte
574 3377 694 3448 corporis
710 3374 865 3446 intelligere.
878 3377 998 3432 Juvenal.
1007 3379 1070 3446 v11,
1085 3376 1152 3448 159:

537 3473 742 3533 ....Quodtesain
752 3483 813 3530 parte
822 3473 925 3518 mamilla

394 3541 429 3584 rtil
438 3539 487 3585 salit
495 3540 598 3584 Arcadico
602 3539 687 3596 juveni.

194 3623 357 3676 -Escutiat
363 3634 458 3696 puttas.
469 3623 586 3693 Quidam
597 3620 749 3694 intelligunt
762 3622 852 3676 eliciat
862 3621 1002 3694 lacrymas,
1014 3640 1080 3694 quas
1094 3620 1241 3693 profundat

193 3698 275 3754 bomo
288 3703 339 3756 sibi
351 3702 449 3776 gaudio
467 3723 520 3755 non
536 3717 699 3774 temperans,
714 3714 740 3754 et
754 3722 814 3756 eum
828 3722 935 3756 sensum
948 3704 1005 3774 ipse
1016 3703 1113 3772 Kmnig
1126 3699 1240 3755 admisit.

194 3781 247 3834 Sed
259 3800 290 3833 ea
301 3784 483 3854 interpretatio
496 3801 556 3836 cnm
569 3783 601 3834 iis
613 3781 699 3834 verbis
713 3792 739 3834 et
747 3795 850 3855 pectore
862 3783 926 3835 laevo
936 3784 978 3832 vix
988 3781 1130 3832 convenire
1143 3792 1239 3850 potest.
1341 3821 1349 3844 ,

194 3861 263 3914 Nem
273 3862 418 3935 intelligere
428 3865 567 3939 absterqerre
577 3862 706 3933 lacrymas
714 3862 841 3916 stillantes
849 3865 878 3915 irs
887 3876 989 3935 pectore
999 3861 1086 3912 minus
1095 3858 1157 3911 felix
1166 3859 1240 3912 vide·

194 3955 246 3995 tur.
258 3941 359 3994 Locum
371 3960 477 3996 omnem
489 3946 526 3997 sic
538 3945 640 3996 Reisius
652 3944 777 4015 explicuit
789 3961 950 4013 sensumque
962 3944 997 3993 ita
1007 3941 1159 3991 constituit:
1174 3941 1240 3994 ..tu-

196 4023 251 4088 des,
266 4033 293 4074 et
307 4040 353 4075 cor
363 4023 559 4095 praetrepidum,
579 4025 632 4074 sive
647 4039 804 4094 properans,
822 4021 907 4074 letari
922 4018 1036 4073 excutiat
1047 4027 1133 4088 puteas
1143 4019 1242 4072 sudoris

194 4115 297 4174 pectore
307 4099 386 4167 loevo,
397 4101 449 4153 sive
459 4103 560 4156 sinistra
568 4113 643 4177 parte
651 4102 779 4173 cor-proris,
790 4102 836 4154 ubi
848 4121 895 4154 cor
906 4100 966 4154 salit
976 4111 1001 4149 et
1011 4095 1093 4149 sudor
1101 4115 1241 4169 erumpere
