3052 4854
288 387 308 450 e
407 475 413 480 ,
463 383 618 448 venta
641 380 913 450 secutores
936 381 998 448 ar
1021 381 1158 450 uorsa

287 529 348 578 rtur,
362 513 477 564 Persium
488 507 654 564 contendunt
664 507 727 560 nihil
738 505 811 559 aliud
819 507 942 559 inanimo
950 505 1087 576 babuisse,
1099 527 1179 582 quam
1188 520 1218 562 ut
1227 525 1332 564 carmen

286 611 363 646 suum
381 592 433 644 boo
444 589 557 664 prologo
571 587 682 642 offerret
694 585 734 638 rel
748 585 881 656 Apollini,
895 587 971 656 cujus
988 601 1043 639 erat
1054 601 1119 642 tnnc
1132 592 1256 661 temporis
1266 602 1332 641 tem·

285 670 360 740 plum
375 673 403 723 in
422 669 539 723 Palatino
557 667 669 718 maxime
683 663 859 729 celebratum,
876 662 917 714 sel
932 663 989 717 aliis
1007 677 1148 737 poetarum
1164 667 1332 729 numinibus;

285 749 346 802 binc
364 750 461 812 dixisse
478 749 514 800 od
531 765 603 801 soora
618 755 705 798 suarm
719 761 825 796 camera
837 743 924 816 affero
940 754 1070 812 ausuum,
1087 758 1227 821 totumque
1237 745 1332 820 prolo-

282 823 345 902 gum
363 829 536 895 e'rolrssers'sss
554 845 611 880 esse
629 841 727 896 genere
745 825 936 898 pronuntient,
957 825 1007 876 etsi
1026 825 1111 876 forme
1127 827 1161 877 sit
1176 828 1330 879 irrisorium.

283 910 357 978 Quas
367 909 603 962 eruditissimorum
613 907 730 957 virorum
739 905 883 956 sententiaa
893 904 937 955 rix
946 921 977 955 ac
987 922 1021 955 ne
1028 904 1070 956 vix
1080 902 1188 976 quidem
1197 905 1261 957 huie
1272 923 1333 977 pro·

282 991 344 1062 logo
356 991 499 1043 convenire
511 983 681 1050 crediderim,
698 985 725 1036 in
742 1003 796 1057 quo
811 983 876 1036 nibil
890 983 963 1036 aliud
976 983 1027 1037 sibi
1039 987 1212 1057 proposuisse
1228 983 1332 1039 ridetur

282 1074 399 1138 Persius,
410 1058 490 1143 (ιιιιιιι
501 1084 531 1121 ιιι
545 1066 629 1119 malos
639 1077 732 1138 poetas
742 1063 876 1132 irrideret,
887 1083 1001 1138 quoram
1010 1083 1042 1118 ea
1054 1079 1208 1137 tempestate
1220 1084 1331 1137 magnus

282 1164 338 1204 erat
351 1153 440 1204 Romae
453 1159 611 1220 proventus,
623 1147 670 1216 qui
683 1146 804 1216 speciosa
818 1157 845 1197 et
858 1146 948 1197 inania
963 1144 997 1196 de
1011 1163 1039 1198 se
1054 1144 1248 1218 predicabant,
1260 1147 1331 1198 lame

282 1233 433 1286 laborantes
442 1245 468 1282 et
478 1229 547 1280 mala
555 1226 624 1280 lucri
634 1225 768 1299 cupidine.
776 1219 877 1280 Horum
885 1229 1002 1279 omnium
1009 1227 1137 1300 prologos
1146 1228 1289 1282 insolentes
1299 1246 1331 1280 ac

280 1314 392 1366 stolidos
406 1310 596 1380 obsoletosque
610 1325 680 1360 noro
696 1307 813 1379 quodam
828 1325 925 1378 genere
944 1306 1050 1380 prologi
1067 1308 1224 1381 redarguere
1240 1322 1332 1362 noster

280 1395 402 1447 instituit.
412 1390 575 1444 Rustioitstis
588 1390 717 1460 speciem,
727 1402 754 1441 et
761 1389 957 1461 professionem
966 1393 1143 1460 paupertatis,
1153 1403 1178 1444 et
1187 1393 1215 1442 in
1225 1389 1329 1443 edendo

280 1476 398 1528 carmine
412 1469 551 1526 incondito
566 1470 741 1524 temeritatem
754 1489 808 1541 prae
820 1487 848 1524 se
866 1469 927 1524 tulit
939 1489 993 1522 non
1004 1472 1166 1526 necessitatis
1177 1487 1272 1536 causa,
1284 1469 1330 1522 sed

281 1554 384 1613 bonius
398 1549 539 1621 satirisqae
551 1549 687 1620 inscripsit
696 1549 877 1621 praefationem
888 1550 1029 1602 satiricam.

314 1747 402 1802 llore.
426 1765 447 1799 ι.
460 1746 932 1820 Nerielsmprolur'.-Proluerepro
940 1746 1327 1824 madefecere,rigere‚sepius

279 1831 396 1900 ponitur.
411 1825 538 1881 Proluere
552 1843 581 1880 se
593 1828 670 1892 rino,
684 1839 731 1878 ant
743 1824 833 1899 prolui
844 1828 906 1879 rino
912 1865 922 1892 ,
934 1845 985 1899 pro
997 1839 1107 1897 epotare
1119 1821 1224 1897 riuum,
1238 1832 1328 1883 vinum

279 1907 579 1978 larginahaurireffirg.
589 1906 797 1975 AEneid.1,738=
812 1906 913 1959 aPleno
921 1905 1136 1980 sepreluitanro.
1146 1933 1158 1957 ι
1171 1912 1262 1963 llorat.
1273 1911 1327 1964 Set.

238 2013 240 2018 v
278 1991 303 2054 l,
312 1987 342 2055 5,
353 1987 397 2042 16:
409 2011 420 2035 ι
430 1985 513 2039 Mults
520 1985 639 2060 prolutas
648 2000 742 2058 vappa.
751 2009 762 2032 ι
772 1985 838 2052 Quae
845 1986 952 2040 risbnic
960 1985 1021 2039 loeo
1029 1987 1228 2042 beusconrenit
1236 2011 1242 2042 r
1251 2006 1328 2055 nam,

278 2083 308 2121 ιιι
317 2079 403 2140 poetas
412 2069 528 2138 antiqui,
538 2067 583 2139 qui
593 2065 769 2118 modestiores
779 2079 879 2132 essent,
890 2083 919 2119 se
927 2067 1026 2121 bibisse
1035 2081 1139 2122 tentam
1149 2089 1180 2122 ex
1190 2071 1328 2124 Musarum

277 2146 397 2200 fontibus
415 2145 551 2214 dixerunt,
568 2161 660 2198 eornm
677 2143 824 2198 imitatores
842 2163 898 2197 nnn
914 2158 1062 2217 potuerunt
1077 2164 1135 2200 esse
1155 2147 1202 2200 illo
1220 2149 1327 2202 modico

276 2224 375 2278 haustu
386 2226 520 2291 contenti,
537 2223 641 2296 ipsique
657 2239 726 2294 aqua
744 2221 789 2278 illa
804 2223 935 2295 Apollinis
952 2238 979 2276 ct
993 2227 1130 2279 Musarum
1141 2228 1250 2280 numine
1264 2241 1290 2280 et
1301 2230 1328 2280 si

277 2305 407 2378 medicata
423 2306 523 2358 affatim
538 2300 632 2374 repleti
646 2303 868 2369 essevolumus,
883 2314 1017 2377 totamque
1028 2305 1124 2373 solent,
1143 2319 1174 2358 ut
1189 2309 1226 2360 ait
1240 2307 1329 2360 Auso·

276 2386 350 2451 nius,
368 2383 473 2437 haurire
481 2383 647 2457 Apeaippert.
664 2379 733 2433 lllud
748 2383 828 2452 igitur
840 2382 909 2436 ridet
919 2384 1040 2450 Persius,
1053 2401 1137 2457 quum
1148 2384 1193 2439 illa
1200 2405 1266 2440 voce
1275 2389 1327 2440 nti·

277 2475 320 2514 tur
333 2461 432 2535 prolui.
451 2459 581 2514 Nonnulli
596 2472 685 2512 tarsen
701 2461 858 2532 interpretes
875 2461 949 2515 labne
965 2462 1054 2536 prolui
1070 2465 1108 2517 sic
1124 2464 1276 2538 suplicent:
1293 2485 1327 2522 ue

276 2541 437 2612 prirnoribus
453 2541 560 2612 quidem
574 2539 655 2593 labris
672 2542 761 2613 attigi;
775 2544 803 2616 {¹¹
821 2547 873 2615 qul
888 2541 1108 2617 interpretatione
1123 2549 1161 2600 ris
1179 2549 1237 2619 elus
1252 2547 1327 2602 serbi

274 2620 364 2693 prolui
372 2622 478 2673 minim
488 2621 553 2673 milri
561 2619 666 2673 ridetur
674 2621 755 2676 inisse
767 2636 883 2690 servate,
894 2624 968 2696 quod
977 2624 1119 2697 largiorem
1130 2627 1256 2680 baustum
1266 2646 1327 2698 pro·

276 2701 320 2754 cul
342 2699 424 2754 dnbio
446 2701 553 2754 iudicat.
570 2703 662 2774 Neque
682 2719 842 2776 quemquam
855 2723 907 2757 roa
921 2703 995 2757 lubre
1009 2719 1150 2759 moretur:
1168 2707 1327 2778 metaphora

276 2783 346 2832 enim
353 2777 433 2832 ducta
444 2789 484 2832 est
495 2779 678 2850 apecurlibus,
690 2781 926 2854 querebemsnter
935 2783 1255 2837 sitienteslabreettotam
1265 2801 1327 2855 pro-

275 2857 413 2912 boscidem
427 2858 503 2930 aquis
518 2859 687 2930 immergunt.
702 2859 780 2913 Goni.
793 2878 855 2912 curu
864 2860 1003 2932 Propertio
1015 2860 1061 2913 lib.
1072 2863 1121 2927 lll,
1138 2880 1166 2929 a,
1179 2864 1229 2915 is:
1241 2862 1326 2916 atauo

275 2936 336 2991 Silr.
355 2939 388 3005 V,
404 2937 436 3004 3,
456 2938 644 2991 rae-Fonts
659 2936 799 2991 rubellius.
812 2936 841 2989 id
857 2951 913 3004 eet,
930 2940 1112 3011 Hippocrene,
1130 2957 1210 3010 quera
1223 2940 1326 2994 iouteaa

276 3017 403 3086 Pegasus,
420 3027 451 3066 ut
467 3016 555 3080 aiunt,
570 3033 584 3066 e
600 3029 670 3068 terre
683 3015 789 3086 ungulae
802 3017 857 3069 ictu
877 3016 982 3070 effudit.
1004 3019 1078 3072 Arati
1091 3017 1180 3076 Phara.
1198 3020 1249 3076 aod
1265 3039 1323 3094 sqq.

275 3098 352 3151 (leid.
368 3099 436 3149 Past.
457 3096 505 3163 m,
523 3097 576 3165 450
593 3115 650 3169 sqq.
670 3097 736 3150 lnde
748 3099 902 3170 Propertius
921 3117 1017 3171 aquam
1033 3101 1218 3172 Hippocrenes
1234 3102 1325 3158 lasso·

276 3193 328 3230 rem
344 3179 404 3248 equi
418 3174 629 3248 Pellnspioutei
644 3190 722 3230 vocat
741 3179 790 3242 lll,
806 3177 838 3244 3,
856 3193 880 3232 a·
902 3177 1041 3232 &bellino
1054 3179 1137 3232 utitur
1155 3193 1246 3238 auster
1262 3199 1325 3234 con·

275 3253 360 3319 salto,
372 3266 403 3305 nt
414 3271 480 3306 rone
488 3255 576 3308 ulnus
587 3253 711 3307 boasste.
721 3254 847 3310 Gabellus
858 3257 944 3323 euim,
954 3258 1003 3312 etsi
1013 3273 1068 3312 nou
1078 3273 1182 3330 seraper
1193 3277 1243 3331 pro
1253 3277 1324 3332 equo

191 3327 196 3340 ’
274 3334 384 3403 ponitur
393 3334 481 3390 minus
494 3346 677 3402 [ςιιιιιοιομιι
688 3347 715 3386 st
729 3333 802 3406 apud
811 3335 932 3390 Juvenal.
941 3337 981 3402 X,
990 3335 1039 3400 60,
1053 3347 1141 3392 umen
1151 3336 1230 3409 ratlflu
1240 3340 1323 3410 signi·

275 3410 336 3463 lieet
342 3413 492 3480 jumentam
503 3409 686 3478 dossaerium,
695 3411 821 3480 eseliau,
830 3417 974 3484 pessimam
983 3433 1092 3488 equum.
1102 3418 1194 3470 [lorat-
1205 3419 1288 3489 Epist.
1298 3419 1324 3486 l,

279 3493 322 3558 rs,
334 3490 383 3546 362
398 3513 411 3539 s
420 3490 530 3545 olitoris
540 3505 601 3563 eget
610 3489 905 3550 memsdecatettamss·
920 3497 1021 3552 Aaron·
1034 3498 1117 3570 Epist
1131 3498 1208 3562 XXI,
1217 3499 1268 3558 33:

503 3599 543 3644 Cui
552 3599 676 3657 subjugabo
686 3601 713 3644 de
722 3599 834 3645 tnulerare
843 3601 984 3660 ambselbue,

503 3665 544 3724 Qui
554 3665 671 3710 meebiusli
680 3680 730 3710 sexa
739 3665 829 3711 solvunt
837 3663 947 3726 pondere‘

503 3732 604 3790 Tripsdes
612 3733 717 3787 sabellos,
729 3745 788 3793 terga
797 3745 874 3794 ruptos
883 3738 977 3782 verbere.

230 3884 234 3895 1
276 3822 412 3877 melden
425 3837 514 3878 eutem
528 3843 594 3880 soce
607 3828 695 3882 minus
708 3825 822 3882 honesta
836 3829 929 3885 maluit
945 3831 1048 3898 dicere,
1062 3846 1119 3886 tum
1135 3834 1197 3905 quia
1210 3850 1269 3890 mos
1282 3847 1323 3886 est

275 3905 386 3956 satiricis
402 3905 488 3976 poetis
499 3903 648 3978 deprimere
662 3927 694 3961 sc
708 3908 816 3962 irridere
829 3914 933 3980 omnia,
948 3925 1004 3965 tum
1017 3915 1080 3986 quie
1092 3913 1137 3966 bie
1148 3914 1252 3967 Persius
1264 3928 1323 3966 sese

275 3985 472 4058 sentpsgsnurn
484 3986 630 4056 protessus,
638 4005 759 4043 sermone
768 3989 862 4044 debuit
873 3995 913 4046 uti
925 3995 1011 4047 misus
1021 3994 1095 4048 culto
1108 4007 1135 4046 et
1147 3993 1273 4064 elegantis
1284 3993 1323 4046 aie

276 4057 339 4113 tlixlr
348 4062 437 4134 prolui
445 4063 517 4117 labra
522 4087 533 4128 ‚·
543 4067 580 4120 sic
591 4065 830 4145 lrlieouiadasqae,
838 4073 1023 4148 pallidumque
1032 4075 1146 4129 Pirenen
1156 4071 1211 4127 illis
1219 4073 1322 4125 remitte
