3052 4854
263 397 305 464 36
435 397 589 460 VARIAE
613 393 885 460 LECTIONES
909 395 971 458 ET
995 395 1132 460 NOTAE

297 527 364 577 Nor.
374 524 416 576 ot.
423 521 461 574 At
464 520 605 593 pulchrum
615 530 652 571 est
659 520 740 592 dipito
750 522 889 572 monstrari
894 559 903 586 ,
913 519 1042 573 etdicier:
1052 519 1097 572 hic
1105 527 1160 573 est!
1166 551 1201 562 —
1208 524 1310 578 Tuetur

262 627 290 660 se
300 605 381 656 Persii
390 603 551 655 sdversarius
563 603 698 652 communi
707 619 796 652 amore
808 599 902 652 laudis.
916 629 952 640 -
966 601 1107 653 Morrstrari
1118 601 1216 676 dipito,
1225 621 1310 674 graece

260 681 515 736 tenuissumas..
529 680 594 746 Quae
607 676 707 729 locutio
717 677 789 750 apud
801 697 850 729 nos
861 677 976 730 dedecus
989 677 1122 748 designat,
1136 678 1227 732 eadem
1238 682 1310 754 apud

258 767 382 836 antiquos
395 760 486 813 laudes
502 772 528 810 et
547 758 636 810 decus.
660 756 726 809 Plin.
745 759 828 830 Epist.
847 759 925 823 XXI,
946 757 991 808 lib.
1009 759 1040 823 6,
1061 757 1173 830 loquens
1195 760 1228 812 de
1249 765 1310 813 Vir·

256 846 329 915 ginio
340 843 474 904 Romano,
486 836 551 890 dicit
562 855 638 902 eum,
650 854 758 907 operum
773 836 896 887 varietate
908 835 1111 888 monstrabilem.
1123 865 1157 876 -
1167 837 1204 888 Et
1212 838 1306 890 dicier.-

258 923 301 974 bic
311 935 359 973 est.
374 917 548 989 Frequentior
565 913 609 966 illa
628 912 700 986 apud
717 914 815 966 latinos
831 913 952 966 locutio:
977 915 1019 966 lic
1040 912 1086 965 ille
1103 925 1146 967 est.
1165 917 1239 968 Hanc
1257 937 1307 988 pro

256 1007 331 1074 siguo
348 1003 423 1053 sanim
442 999 531 1068 posuit
548 997 658 1047 Persius.
675 990 750 1050 Οὖσις
767 993 850 1050 inires
861 996 971 1048 Lucian.
984 995 1074 1047 Somu.
1086 1007 1150 1047 tom.
1167 997 1192 1063 l,
1204 1015 1263 1068 cap.
1278 1015 1307 1064 2,

256 1081 298 1133 etl.
310 1082 378 1132 Reiz.
399 1077 477 1128 Cous.
493 1076 576 1127 Cicer.
588 1071 698 1126 Tuscul.
715 1073 760 1124 lib.
774 1073 806 1122 V.

286 1259 347 1304 Vsu.
360 1271 398 1317 ²9.
413 1253 468 1301 Ten'
476 1256 612 1300 cirratorum
621 1260 710 1298 eodum
721 1251 807 1298 tibtote
811 1250 888 1314 feisse
900 1250 945 1296 Pro
955 1248 1023 1296 iulide
1031 1251 1135 1313 podes?
1146 1277 1177 1286 -
1189 1253 1267 1298 Utrius
1279 1268 1307 1300 ea

254 1328 326 1375 rerba
334 1328 392 1380 siut,
401 1324 555 1371 monitorisoe
563 1357 570 1376 ,
578 1337 608 1366 ιιι
615 1322 700 1376 Persii,
709 1335 756 1366 non
765 1321 818 1366 satis
824 1318 899 1382 liquet
906 1335 949 1380 per
956 1319 1028 1382 ipsam
1037 1323 1179 1377 orationem
1190 1337 1267 1384 neque
1277 1323 1307 1369 sd

254 1400 300 1446 boe
310 1399 439 1462 quidquam
449 1409 483 1443 est
492 1395 549 1440 lucis
559 1395 582 1439 in
593 1394 667 1438 MMS.
681 1393 810 1438 codicibus.
822 1394 938 1437 Caeterum
948 1407 985 1437 res
994 1389 1058 1437 haud
1067 1394 1098 1437 ita
1108 1395 1184 1456 magni
1195 1397 1305 1442 momenti

254 1485 301 1527 est;
317 1471 485 1530 cujuscumque
498 1467 559 1512 enim
575 1481 603 1510 ea
615 1465 686 1510 verba
701 1465 760 1519 sint,
775 1465 867 1510 satirica
878 1464 986 1525 profecto
1003 1475 1065 1509 sunt.
1081 1466 1204 1527 Receptam
1219 1469 1307 1514 tuteris

255 1543 383 1591 editoribus
396 1541 522 1588 lectionem
536 1537 631 1592 admisi,
645 1537 697 1582 usui
709 1551 798 1581 morem
813 1549 910 1596 gereon
926 1533 998 1580 altera
1013 1550 1069 1580 vero
1083 1537 1177 1584 minime
1190 1537 1246 1584 mihi
1259 1538 1306 1584 dis·

255 1614 349 1678 plicent.

290 1717 358 1772 No'r.
372 1737 419 1788 29,
430 1715 548 1785 305'Ten'
558 1715 711 1766 cirratorum
721 1722 827 1763 ceritum
838 1711 1027 1780 dictatafuisse
1036 1713 1089 1763 Pru
1099 1713 1184 1766 nihilo
1191 1718 1306 1786 pendas?

255 1831 292 1843 -
304 1799 366 1854 Ten’
377 1819 426 1871 pro
437 1811 516 1850 te-rre.
528 1793 664 1865 Ejusmodi
674 1793 748 1845 elisio
757 1795 813 1863 jam
823 1811 878 1843 non
889 1792 970 1844 semel
982 1795 1103 1864 superius
1112 1797 1199 1865 posita
1211 1811 1258 1848 est.
1270 1827 1305 1836 -

256 1883 415 1936 Cirratorum
421 1916 430 1944 ,
450 1893 594 1948 puerorum
612 1871 757 1938 nobilium,
776 1890 790 1922 a
809 1872 882 1924 cirris
897 1889 965 1942 quos
989 1873 1140 1924 calamistro
1162 1874 1306 1928 studiosius

254 1959 389 2030 fingebant
401 1973 557 2026 magnorum
571 1952 713 2004 domorum
726 1949 928 2004 adolescentuli.
942 1951 1056 2004 Martini.
1070 1955 1144 2024 Epig.
1156 1955 1205 2019 tx,
1218 1956 1266 2019 30,
1280 1972 1304 2024 7.

257 2064 269 2087 ι
278 2042 377 2094 Cinara
385 2047 488 2088 caterva
497 2035 621 2104 magistri.
631 2031 891 2103 r-Dictetafrtisse,
901 2031 1060 2084 lectionibus
1069 2031 1166 2084 inludo
1175 2033 1305 2086 dictandis

254 2121 401 2174 inservisse.
416 2119 481 2185 Quae
493 2134 534 2168 res
549 2133 604 2166 non
615 2114 666 2165 nisi
677 2112 870 2184 probatissimis
884 2112 1037 2164 auctoribus
1051 2115 1219 2184 contingere,
1233 2116 1305 2167 ideo·

256 2220 307 2272 que
317 2199 414 2251 honori
426 2215 482 2248 esse
494 2195 594 2248 debuit.
608 2194 702 2262 ltaque
717 2195 743 2245 in
755 2190 850 2246 sobolis
858 2192 951 2244 dictari
962 2205 1008 2243 aut
1017 2191 1082 2260 legi,
1093 2192 1224 2244 interdum
1237 2213 1307 2247 eam-

255 2281 316 2334 dem
329 2283 382 2330 vim
394 2275 475 2328 babet
487 2295 517 2327 ac
529 2277 597 2327 inter
611 2273 726 2344 optimos
742 2274 851 2324 censeri.
865 2272 932 2322 ilinc
945 2270 1022 2336 dixit,
1036 2288 1084 2342 pro
1097 2269 1183 2324 nitito
1196 2274 1303 2343 pendas.

254 2363 389 2413 Honorem
402 2376 464 2411 vero
477 2356 550 2408 iHum
560 2354 603 2408 vel
615 2368 771 2425 corruptum
783 2353 839 2405 ludi
848 2354 1032 2423 magistrorum
1040 2351 1155 2423 judicio,
1167 2355 1208 2406 rel
1220 2374 1268 2427 por
1277 2375 1305 2410 se

256 2439 400 2492 obscurum
411 2436 512 2489 fastidit
521 2437 576 2506 jam
586 2447 648 2486 ante
658 2435 775 2487 Persium
786 2434 927 2498 Horatius,
940 2433 1017 2484 Satir.
1032 2434 1070 2500 X,
1084 2431 1131 2504 73,
1144 2431 1189 2484 lib.
1206 2451 1232 2502 ‚¹²

514 2525 624 2578 ...Neque
632 2533 652 2565 te
660 2533 684 2566 ut
692 2521 785 2564 miretur
793 2522 859 2564 turbs
866 2521 964 2574 labores,

457 2589 576 2632 Contentus
584 2589 658 2645 paucis
666 2587 789 2630 lectoribus.
799 2593 831 2630 du
839 2595 875 2630 tuo
882 2589 973 2631 demens

456 2653 540 2697 Vilibus
547 2655 570 2696 in
577 2654 634 2697 ludis
640 2655 724 2697 deteri
731 2654 829 2697 carmina
837 2654 912 2697 malis!

253 2735 365 2788 Monent
375 2729 408 2781 ad
420 2727 492 2779 hunc
509 2730 586 2780 Persii
601 2729 691 2781 locum
706 2731 878 2801 interpretes,
896 2728 940 2780 hie
953 2732 1024 2798 tangi
1037 2731 1141 2784 occulte
1157 2735 1304 2798 Neronem,

254 2815 330 2882 eujus
345 2807 475 2869 carmina,
488 2806 550 2876 quia
567 2807 727 2878 imperabat,
744 2812 771 2858 in
785 2803 883 2858 scholis
897 2807 1110 2862 celebrabantur.
1130 2813 1165 2863 Ar
1178 2830 1240 2864 vero
1256 2831 1304 2864 ne·

254 2909 306 2962 que
318 2889 370 2940 hoe
385 2889 513 2939 exstitisse
527 2889 589 2939 satis
604 2902 723 2951 constat;
738 2907 840 2959 neque,
857 2901 887 2938 ut
901 2891 1030 2942 exstitisse
1043 2906 1192 2954 constaret,
1205 2893 1303 2946 ideirco

252 2973 387 3024 Neronem
402 2969 583 3038 potiusquam
599 2967 680 3020 aliurn
697 2968 841 3040 quemlibet
857 2971 929 3040 tangi
945 2969 1111 3024 crediderim.
1129 2975 1158 3025 ln
1174 2974 1303 3046 plurimos

252 3052 383 3106 sententia
396 3047 498 3100 videtur
509 3048 589 3099 fuisse
597 3052 713 3119 jactata,
726 3052 763 3101 uti
774 3062 814 3102 est
827 3049 899 3121 apud
911 3053 1058 3104 Horatium.

287 3181 355 3230 Nor.
366 3176 479 3243 30-40.
491 3178 593 3228 Horum
602 3182 719 3232 omnium
726 3199 850 3233 versuum
859 3182 937 3234 verba
945 3181 979 3234 ab
987 3183 1044 3234 his:
1056 3184 1237 3236 licerium...
1246 3203 1302 3237 esse

250 3259 344 3321 Persii,
354 3275 409 3309 non
419 3257 570 3322 monitoris,
580 3271 655 3328 patet
664 3279 695 3312 ex
705 3263 764 3330 ipso
775 3279 854 3314 sensu
864 3263 909 3332 qui
920 3264 1073 3314 enuntietur
1083 3275 1109 3313 et
1118 3279 1149 3312 ex
1159 3280 1190 3313 ea
1200 3265 1302 3314 ratione

251 3359 304 3412 qua
318 3339 479 3400 enuntiatur,
495 3348 550 3388 tum
563 3355 595 3389 ex
609 3357 687 3392 versu
706 3340 748 3407 io.
765 3340 823 3391 Hoc
842 3342 912 3392 euim
927 3361 1005 3394 versu
1022 3361 1050 3394 se
1066 3341 1186 3394 locutum
1201 3361 1259 3394 esse
1274 3345 1301 3394 in

249 3416 459 3492 praecedentibus
474 3415 551 3468 docet
563 3431 658 3489 poeta,
670 3420 734 3472 dum
747 3420 889 3472 adversarii
902 3420 1083 3491 objectionem
1095 3422 1236 3491 praevertit.

283 3543 351 3594 Nor.
371 3541 422 3605 30,
436 3541 479 3593 31.
498 3541 566 3594 Eece
582 3543 650 3595 inter
664 3541 761 3615 pocula
778 3554 903 3616 quoerunt
920 3540 1069 3594 Romulidoe
1082 3542 1163 3593 saturi
1176 3541 1243 3612 quid
1257 3543 1301 3594 dia

247 3635 369 3696 poemate
382 3631 488 3672 namot
496 3651 531 3661 -
544 3623 626 3684 Eece,·
635 3623 685 3675 bac
695 3641 761 3674 voce
771 3625 855 3674 utitur
864 3641 918 3674 non
929 3618 1011 3673 semel
1020 3621 1122 3671 Persius
1135 3632 1165 3671 ut
1176 3620 1300 3673 viridiore

248 3703 390 3754 locutionis
414 3701 499 3751 forma
518 3715 544 3753 et
562 3701 683 3754 breviore
702 3704 821 3755 transitu.
839 3702 899 3752 Vid.
921 3701 1004 3766 infra,
1023 3719 1045 3751 r.
1068 3699 1103 3770 69
1123 3700 1203 3772 hujus
1227 3703 1298 3754 satir.

251 3805 261 3828 ι
272 3784 339 3834 Ecce
348 3780 428 3832 modo
438 3777 533 3832 heroas
544 3800 685 3834 sensus...·
700 3780 759 3833 Vid.
772 3783 850 3832 etiam
863 3780 972 3832 alteram
983 3781 1055 3830 satir.
1068 3779 1111 3830 31.
1128 3803 1139 3826 ι
1150 3781 1217 3833 Eece
1226 3783 1298 3848 avia,

248 3875 421 3913 sutmetuens
429 3858 518 3910 divum
526 3874 696 3912 matertera...
706 3885 717 3907 ι
728 3888 762 3898 -
773 3857 962 3930 Interpocola,
973 3857 1098 3910 solemnis
1108 3859 1182 3932 apud
1191 3861 1298 3914 Latinos

247 3939 347 3992 locutio
355 3959 403 4010 pro
412 3941 480 3990 inter
488 3938 659 4008 epulandum,
665 3939 705 3990 vel
714 3941 804 4010 potius
813 3957 862 4010 pro
871 3937 921 3990 sub
929 3938 1006 3988 linem
1015 3941 1137 4006 convivii,
1146 3959 1237 4011 quum,
1242 3943 1297 4011 jam

247 4021 353 4070 remotis
370 4019 482 4081 mensis,
498 4019 559 4068 vino
575 4032 601 4070 et
614 4017 877 4070 confabulationibus
889 4013 1065 4082 indulgerent.
1082 4047 1118 4058 —-
1136 4016 1297 4082 Romulidoe,

247 4115 395 4165 cognomen
402 4099 583 4147 Romanorum
591 4097 736 4148 honestius.
745 4099 818 4166 virg.
828 4098 854 4147 in
863 4093 1003 4164 splendido
1012 4098 1079 4166 epici
1090 4102 1212 4152 carminis
1219 4099 1294 4160 loco,

249 4175 348 4230 tEneid.
360 4177 391 4242 8,
403 4173 455 4229 638
465 4194 471 4222 :
