3052 4854
453 443 504 506 IN
528 441 740 507 satiram
763 443 968 512 PRIMAM.
1191 452 1232 519 55

189 583 285 642 sponte
295 569 408 622 dehiscit
421 569 536 620 exterior
546 583 640 622 cortex·
646 571 701 639 jam
712 588 762 640 per
772 589 801 622 se
813 570 907 624 scabra
919 574 1069 647 rimossque
1081 579 1235 649 superlicio,

189 662 215 702 at
228 651 255 701 in
267 649 415 719 fragmenta
429 665 458 698 se
471 661 594 718 separat,
608 647 685 701 unde
694 647 846 719 superficies
859 648 1106 706 arborishorridior
1119 658 1197 709 etiam
1210 672 1236 709 et

188 731 311 800 rugosior
323 729 369 780 liat
380 745 487 780 necesse
502 741 549 780 ost.
563 729 654 780 Posuit
667 729 749 798 igitur
759 731 857 781 Noster
870 748 972 782 ramum
983 747 1115 786 vetustum
1129 738 1236 806 grandis

188 809 305 876 suberis,
317 811 416 862 cortice
428 809 501 862 statis
511 809 675 880 temporibus
687 809 818 862 demendo
829 830 882 862 non
896 811 974 878 culti5
988 812 1173 870 semistertius
1181 822 1235 888 jam

189 891 308 942 emortui.
317 888 433 961 solisque
448 887 589 940 ardoribus
605 889 706 941 siccati.
722 891 781 941 Hoc
796 891 866 942 euim
880 901 982 942 coctum
996 891 1141 963 significat,
1158 908 1237 969 atque

188 966 239 1020 hac
252 967 419 1020 similitudine
430 967 603 1038 precedentis
615 985 707 1020 versus
717 966 786 1019 ritlet
797 967 1005 1021 similitudinem.

223 1073 290 1126 Nor.
309 1071 352 1142 98.
368 1070 499 1142 Quidnam
511 1070 594 1146 ipitttr
604 1081 722 1123 tenerum
731 1079 758 1124 et
769 1071 831 1124 laxa
842 1075 939 1124 ceruice
951 1073 1108 1146 lepmdum?
1116 1105 1150 1114 -
1160 1079 1237 1144 Quo-

187 1152 260 1202 niam
274 1150 376 1222 virgilii
393 1169 484 1203 versus
495 1153 551 1220 jam
570 1165 768 1204 consenuerunt
782 1165 809 1203 et
825 1152 890 1203 lacti
908 1164 970 1204 aunt
983 1151 1099 1220 horridi,
1117 1155 1237 1226 postulat

187 1232 287 1283 ironico
298 1229 396 1284 Noster
408 1230 557 1303 exemplum
568 1249 704 1298 versuum,
720 1232 766 1304 qui
779 1233 832 1284 sint
846 1233 1045 1303 perfectissimi;
1061 1233 1166 1306 sibique
1182 1255 1237 1288 res·

187 1309 288 1383 pandet
299 1311 438 1366 referendo
450 1329 540 1365 versus
552 1311 658 1364 inllatos
671 1325 696 1364 et
708 1314 800 1364 inanes
811 1314 887 1365 istim
899 1311 986 1365 modi:
1000 1314 1086 1367 Torua
1098 1314 1237 1367 Mimallo-

187 1390 257 1455 neis,
268 1402 318 1441 etc.
329 1392 361 1442 Vi
373 1391 476 1442 comica
484 1406 539 1441 non
549 1402 608 1460 eget
620 1388 704 1441 locus.
715 1419 751 1430 -
762 1390 890 1441 Teucrum
901 1392 1007 1463 respicit
1018 1390 1053 1443 ad
1064 1409 1122 1442 eam
1131 1394 1238 1461 junctu·

186 1488 244 1521 ram
253 1483 280 1521 et
289 1469 324 1521 ad
334 1489 378 1523 eas
388 1471 566 1522 recentiorum
578 1481 663 1535 artes,
675 1467 771 1542 quibus
782 1489 872 1524 versus
885 1472 966 1522 teneri
976 1483 1002 1522 et
1014 1470 1106 1523 molles
1119 1471 1238 1524 efficiun-

187 1561 239 1600 tur:
253 1577 290 1587 -
303 1549 375 1600 baxa
391 1548 497 1601 cervice
512 1551 570 1601 lloc
584 1547 701 1620 intellige
715 1549 749 1600 de
764 1547 860 1602 habitu
876 1552 1029 1617 recitantis,
1044 1553 1090 1623 qui
1104 1551 1237 1605 exsultans

189 1639 269 1696 caput
280 1627 366 1696 rejicit
375 1629 535 1699 reponitque
545 1625 660 1680 mollius.
673 1627 788 1680 Similem
800 1628 882 1680 ferma
894 1629 1044 1682 fatuitatem
1055 1628 1108 1682 hoc
1120 1629 1181 1682 loco
1193 1648 1238 1682 aa·

187 1708 284 1777 pressit
294 1707 441 1774 luvenalis,
453 1710 477 1774 l,
489 1707 539 1762 66:

387 1797 413 1840 Et
422 1794 519 1840 multum
529 1793 624 1839 referens
634 1796 661 1840 de
670 1796 785 1840 llmcuate
794 1795 879 1854 supino.

223 1933 290 1987 tior.
310 1953 359 2006 99,
374 1953 437 2006 roo,
453 1955 516 2012 ror,
531 1956 596 1992 roa:

388 2029 458 2071 Torva
468 2027 611 2072 Mimalloneis
620 2027 740 2086 implerunt
749 2041 832 2073 aarum
841 2029 929 2074 bombis

388 2097 414 2138 lit
423 2104 513 2151 raptum
522 2094 591 2139 ritulo
599 2103 666 2152 caput
673 2096 773 2140 ablatura
781 2097 876 2154 superbo

386 2159 492 2212 samm,
501 2171 524 2204 et
532 2163 627 2220 Lynceus
636 2163 717 2206 blanau
726 2161 809 2206 ilerum
818 2162 939 2221 corymbis:

388 2227 455 2270 lirion
465 2227 596 2284 ingeminum
605 2229 731 2286 reparabilis
740 2238 827 2273 assonat
835 2230 901 2272 Echo.

186 2329 223 2340 -
231 2299 393 2374 implemnt5
405 2304 582 2356 nominativus
595 2305 708 2356 omissus
721 2318 774 2370 cst,
787 2305 825 2357 ait
833 2305 938 2375 Koenig.
948 2303 1015 2354 Mihi
1026 2323 1089 2356 vero
1102 2307 1191 2375 potius
1204 2311 1237 2358 vi·

187 2379 264 2432 detur
272 2382 372 2433 referre
384 2382 436 2434 hoc
445 2381 556 2435 verbum
568 2382 602 2434 ad
610 2382 691 2434 verba
701 2385 813 2436 Bassaris
826 2397 852 2434 et
860 2385 975 2448 Moenas,
988 2401 1046 2455 quic
1058 2387 1115 2454 ipsa
1127 2386 1238 2438 verbum

186 2477 242 2511 non
257 2459 400 2527 haberent,
418 2463 441 2514 ai
454 2463 618 2513 constructio
633 2479 725 2514 versus
744 2480 778 2532 99
797 2464 983 2514 terminaretur
998 2482 1062 2514 voce
1080 2465 1185 2518 bombis.
1201 2497 1237 2508 -·

185 2537 369 2592 Mimalloneis
379 2541 482 2593 bombis.
494 2537 653 2600 uuistuom,
666 2537 774 2605 Βάκχαι,
786 2539 921 2610 Boripipm,
933 2541 1095 2614 Hesychius3
1111 2546 1171 2598 Scb.
1184 2546 1236 2619 Ly-

187 2617 282 2689 cophr.
300 2619 366 2672 12³6
378 2632 404 2672 et
419 2617 500 2687 146ss
512 2619 577 2672 Stat.
587 2618 719 2672 Thebaid.
730 2621 774 2688 lv,
784 2619 837 2691 659
849 2639 904 2692 sq.,
916 2621 963 2673 ubi
974 2620 1025 2673 ritl.
1038 2623 1129 2677 Barth.
1140 2625 1237 2678 Bacchi

186 2699 298 2750 comites
309 2697 473 2750 vocabantur
482 2695 654 2751 Mimallones
666 2711 712 2750 aut
723 2697 934 2770 Mimallonides,
945 2701 961 2752 s'
972 2714 1064 2752 monte
1073 2703 1141 2754 Asia
1153 2706 1237 2757 mino·

185 2780 221 2830 ris
236 2780 282 2851 qni
293 2779 392 2833 Mimas
404 2779 509 2846 dicitur,
523 2778 556 2831 tle
569 2798 623 2851 quo
636 2778 731 2832 Strabo
743 2781 788 2832 lib.
801 2781 876 2832 XlV:
893 2782 986 2834 aluter
996 2781 1122 2854 Erythras
1132 2797 1172 2837 est
1183 2787 1236 2839 Mi·

185 2877 242 2912 mas
252 2879 330 2913 mous
342 2859 484 2914 altissimus
497 2873 523 2912 et
534 2862 616 2932 gerris
629 2873 655 2914 et
667 2859 807 2914 arboribus
819 2860 923 2934 plenus.
933 2885 945 2910 a
957 2861 1034 2914 Ovitl.
1046 2865 1072 2930 1,
1084 2863 1118 2916 de
1130 2865 1207 2916 Arte:

388 2952 442 2995 Ecce
448 2949 612 2994 Mimallonides
619 2949 698 3008 sparsis
706 2950 729 2994 in
738 2960 797 3008 terga
804 2949 887 3008 capillis
893 2982 947 2994 .....

185 3023 298 3077 Bombos
310 3027 419 3098 proprie
433 3044 514 3080 sonus
526 3037 580 3092 est,
596 3045 674 3098 quem
689 3045 753 3096 apes
766 3024 844 3078 edere
858 3024 998 3093 dicuntur,
1013 3044 1121 3078 examen
1136 3045 1241 3080 novum·

185 3107 332 3170 emissurae3
343 3104 439 3160 deinde
453 3125 534 3160 tonus
546 3125 686 3159 cornuum.
698 3106 794 3159 Catull.
806 3105 922 3178 Epithal.
932 3105 986 3159 Pel.
1000 3120 1026 3158 et
1036 3106 1114 3160 Thet.
1129 3109 1188 3177 264.
1201 3141 1237 3152 -

186 3183 272 3238 Torva
282 3204 379 3239 comam
385 3209 396 3249 ,·
408 3197 479 3239 torva
491 3185 562 3238 idem
572 3205 603 3239 ac
616 3200 694 3239 torta.
707 3188 749 3239 Sic
761 3187 899 3252 Lucanus,
911 3184 1003 3238 Phara.
1015 3186 1063 3239 lib.
1073 3187 1097 3254 l,
1108 3188 1176 3241 612:

387 3277 476 3319 Cornua
483 3275 588 3320 succincti
594 3285 720 3333 premerent
727 3289 798 3332 quum
805 3282 868 3320 tomo
876 3275 980 3320 ministri.

183 3349 299 3421 Implere
309 3369 407 3404 camna
417 3351 525 3418 bombis,
539 3350 609 3403 idem
620 3369 651 3403 ac
661 3351 754 3404 inflare
765 3370 874 3403 cornua.
885 3382 921 3392 -
932 3350 1024 3407 tituto
1030 3373 1039 3413 ,·
1050 3353 1160 3404 forsitan
1170 3356 1236 3407 Peu-

184 3427 260 3496 tbeo,
276 3445 355 3500 quem
372 3427 483 3481 titulum
499 3446 556 3481 csse
570 3428 742 3481 crediderunt
756 3430 874 3482 furentes
892 3428 1002 3481 liacchse
1017 3432 1129 3502 ipsaque
1146 3431 1235 3502 rigose

186 3512 242 3579 ejus
257 3522 347 3562 mater.
362 3511 454 3562 Horat.
470 3511 542 3562 satir.
555 3511 593 3576 ll,
608 3509 639 3573 33
652 3509 730 3563 ovid.
743 3509 921 3584 Metamorph.
938 3512 962 3564 3.
977 3540 1012 3550 —
1026 3511 1155 3582 Superbo,
1171 3531 1235 3564 con·

184 3589 311 3658 temptori
322 3589 462 3660 Orgiarum
476 3602 503 3640 et
514 3589 655 3641 Sacrorum
667 3589 772 3641 Bacchi.
782 3588 959 3661 Metamorpb.
977 3589 1017 3641 13.
1030 3589 1235 3642 Bacchanalium

184 3669 274 3719 llomae
287 3669 413 3739 originem
428 3681 454 3720 et
469 3667 669 3739 abrogationem
680 3669 738 3740 lege
753 3669 825 3741 aptul
838 3671 889 3722 Tu.
904 3671 959 3722 Liv.
973 3671 1022 3740 39,
1036 3669 1052 3720 8
1065 3687 1124 3740 sqq.
1137 3698 1172 3708 -
1183 3669 1237 3722 At>-

186 3743 274 3796 iatum
286 3759 376 3818 caput,
392 3747 409 3798 i.
425 3765 448 3799 e,
465 3765 522 3818 quae
530 3749 585 3816 jorn
594 3750 650 3818 jam
665 3747 835 3801 obtruncabit
848 3747 1009 3814 Pentheum,
1021 3748 1110 3798 furore
1124 3748 1234 3817 percita.

186 3853 222 3864 -
232 3823 355 3887 Bassaris,
366 3845 465 3879 nomen
474 3826 596 3894 baccho,
605 3827 647 3879 rel
655 3845 670 3879 a
678 3828 784 3881 Bessara
792 3829 878 3900 Libys
886 3828 961 3893 loco,
971 3829 1018 3880 ubi
1025 3827 1162 3880 colebatur
1170 3828 1235 3880 liac-

187 3901 267 3971 chus,
282 3919 310 3957 ut
323 3907 379 3960 vult
395 3908 498 3971 Acron;
512 3907 552 3960 rel
568 3927 584 3959 a
596 3909 710 3975 Bassam,
726 3924 797 3962 veste
811 3909 899 3978 talari,
915 3928 969 3981 que
983 3909 1048 3974 deus
1066 3905 1234 3961 induebatur.

186 3986 245 4057 lpse
259 3985 405 4039 vocabatur
417 3989 558 4042 Bostarem.
572 3991 664 4042 llorat.
679 3989 729 4044 Od.
740 3993 765 4058 1,
777 3991 876 4055 xvtn,
891 4005 931 4042 rt.
943 4019 979 4031 -
990 3990 1122 4058 lyncem
1133 3987 1235 4061 Lyncea

188 4074 214 4114 et
223 4063 315 4134 Tigres
325 4063 463 4117 trahebant
473 4085 579 4118 currum
589 4065 699 4135 Bacchi,
709 4081 836 4140 erantque
847 4067 885 4118 illi
894 4085 982 4118 sacrm.
992 4069 1064 4136 Virg.
1075 4066 1171 4136 Georg.
1184 4067 1235 4134 111,

188 4139 238 4207 alil
252 4162 259 4192 z
278 4139 370 4208 ·Qui‹l
385 4141 482 4212 [pacm
495 4144 592 4196 Bacchi
606 4146 699 4197 variae?
709 4169 724 4193 ι
734 4176 770 4185 -
783 4145 885 4196 Moenas
898 4161 928 4195 cx
939 4143 1087 4208 adstabat,
1108 4141 1181 4215 quod
1195 4159 1234 4196 est
