3052 4854
265 420 308 488 58
440 421 595 486 vinnm
619 405 893 484 uncriouns
916 419 978 482 ΕΤ
1002 420 1138 485 unua

298 547 366 597 Nor.
389 561 446 613 ¹⁰7·
462 543 513 597 Sed
526 543 591 614 quid
603 561 668 613 optes
684 555 782 595 teneres
797 541 915 594 mordaci
927 542 1016 595 radere
1032 563 1091 596 vere
1105 543 1320 597 Auriculam?-

261 627 388 678 llationes
402 643 462 678 suas
478 624 565 676 eluens
578 643 593 676 a
607 625 703 676 Persic?
713 623 925 675 animadvertens
941 625 1069 697 monitor,
1086 627 1171 677 minas
1188 623 1314 692 adhibet,

263 706 360 779 quibus
377 726 437 759 eum
449 726 464 759 a
479 707 583 760 satirica
594 704 735 758 dicacitate
746 705 886 758 deterreat.
899 735 934 744 -
944 705 1043 758 Radere
1059 717 1158 758 teneras
1170 707 1313 760 auriculas.

262 785 373 853 Quintil.
385 788 432 852 Ill,
447 803 506 856 cap.
527 801 537 836 1
549 806 555 834 z
571 806 583 830 ι
594 782 715 848 Quorum
730 795 768 835 ne·
776 785 870 855 jejuna
882 797 962 855 etque
974 783 1047 836 arida
1059 783 1168 837 traditio
1183 799 1319 838 averteret·

262 869 378 932 animos,
389 878 415 918 et
424 883 498 918 aum
506 865 651 936 praesertim
663 873 717 914 tam
727 863 850 918 delicatas
860 865 958 917 raderet
968 863 1135 918 verebamur.
1147 888 1158 913 ι
1172 867 1231 937 lpse
1241 868 1311 918 Pers.

261 946 288 996 in
300 947 323 997 V
443 965 466 996 ,ε

324 982 332 1012 l
348 945 377 998 15
391 962 441 1016 sqq
594 1013 822 1058 ...Pallenteeradere
830 1027 902 1058 mores

464 1081 544 1123 Doctus
550 1112 556 1132 ‚
563 1087 585 1122 et
593 1079 689 1136 ingenuo
697 1079 785 1137 eulpam
794 1079 887 1138 defigere
895 1079 955 1123 ludo.

260 1163 337 1216 Unde
349 1161 435 1236 liquet
447 1161 568 1216 eamdem
585 1161 657 1214 illam
675 1163 838 1215 locutionem
855 1164 923 1215 etin
937 1161 1056 1216 versibus
1071 1177 1097 1216 et
1112 1161 1239 1216 insoluta
1253 1182 1317 1217 ora--

260 1243 334 1296 tione
346 1243 428 1296 luisse
440 1242 614 1294 usitatiorem.
626 1244 719 1293 Horat.
733 1241 786 1292 Sat.
799 1243 835 1308 11,
848 1240 878 1307 5,
891 1242 939 1294 32:

623 1339 753 1396 ...gaudent
760 1338 895 1396 prenomine
902 1340 977 1383 noller

463 1407 622 1450 Aemate...

260 1523 296 1536 -
308 1493 429 1547 Mor-daci
438 1512 512 1554 uem
521 1491 629 1544 mordax
638 1489 773 1543 retulerim
783 1509 838 1543 non
850 1503 906 1542 tum
916 1488 950 1540 ad
959 1503 1082 1543 naturam
1091 1493 1174 1563 ipsius
1184 1493 1313 1558 veritatis,

261 1591 319 1645 que
328 1574 422 1644 pungit
430 1571 568 1624 hominum
578 1572 695 1635 animoa,
706 1587 786 1641 quam
797 1567 831 1620 ad
840 1569 924 1641 ipsius
934 1571 1014 1620 Persii
1024 1571 1156 1622 satiricum
1164 1572 1313 1643 ingenium,

262 1655 309 1725 qui
320 1653 454 1725 principes
468 1649 587 1716 mordet,
598 1667 672 1700 ruore
686 1666 793 1700 cauum.
808 1647 940 1700 Convenit
955 1650 1025 1700 enim
1040 1650 1096 1718 ejus
1111 1649 1183 1702 verbi
1197 1652 1235 1704 vis
1250 1667 1312 1702 cum

262 1731 433 1784 similitudine
445 1749 504 1802 qun
514 1731 675 1800 insequitur:
690 1737 766 1782 sonat
780 1726 822 1780 liic
835 1727 866 1780 de
880 1747 943 1780 nare
957 1729 1068 1795 canino,
1080 1742 1131 1782 etc.

297 1847 364 1897 Nor.
387 1845 445 1898 rot.
459 1845 541 1910 Cave,
551 1840 597 1910 sle,
610 1861 643 1894 ne
654 1843 783 1914 majorum
797 1842 845 1894 tilii
851 1843 924 1914 forte
935 1844 1040 1895 Lt'minu
1046 1843 1200 1918 fripescant.
1212 1873 1248 1884 -
1258 1841 1312 1906 Sis,-

261 1945 311 1998 prc
325 1927 346 1978 si
360 1926 411 1987 υἱες
426 1925 551 1978 solemnis
562 1922 607 1975 illa
621 1941 703 1995 quum
718 1921 789 1994 apud
803 1936 913 1994 poetas,
925 1938 982 1976 tum
995 1923 1066 1996 apud
1079 1924 1171 1976 solutu
1185 1925 1313 1976 orationis

261 2007 404 2075 scriptores
418 2004 575 2055 contractio.
590 2002 645 2054 cic.
660 2021 712 2074 pro
723 2002 811 2054 Sextio
821 2003 948 2054 Amerino
962 2024 968 2053 ι
985 2005 1062 2073 adge
1077 2021 1163 2068 nune,
1175 2005 1244 2055 refer
1255 2005 1315 2055 ani-

261 2103 348 2151 mum,
363 2081 409 2152 sis,
424 2084 458 2136 ad
469 2085 639 2137 veritatem·
654 2082 694 2134 ld.
707 2087 776 2136 Part.
789 2085 863 2136 Orat.
879 2106 891 2130 ι
900 2084 971 2154 Age,
982 2082 1028 2151 sis,
1044 2086 1183 2156 quoniam,
1196 2096 1268 2136 ete.»
1282 2087 1312 2137 ln

263 2182 376 2216 numero
386 2165 465 2216 etiam
476 2162 574 2236 plurali
583 2162 656 2216 mltis
663 2180 713 2234 pro
722 2163 743 2214 si
754 2161 839 2216 uultis.
849 2162 935 2215 Plaut.
946 2155 1063 2234 Captivi,
1073 2176 1124 2214 aet.
1135 2162 1215 2228 Il,ac.
1224 2162 1254 2228 3,
1264 2163 1311 2232 96:

491 2265 578 2307 Servate
585 2261 665 2314 iatum,
675 2261 750 2310 sultis,
758 2259 818 2304 intus
825 2294 830 2314 ,
837 2261 900 2304 cerri.

260 2375 295 2388 -
311 2348 444 2420 Majorum
460 2345 554 2399 limina
572 2347 619 2399 tibi
632 2346 786 2421 fripeseant.
802 2345 914 2397 Videtur
933 2346 989 2415 ejus
1007 2363 1097 2398 versus
1113 2342 1185 2397 bona
1201 2362 1264 2415 para
1279 2343 1313 2396 nb

260 2426 372 2478 Horatio
383 2427 464 2480 fuisse
475 2438 610 2490 mutuata,
624 2425 668 2496 qui
680 2423 745 2476 dixit
758 2423 834 2476 Satir.
846 2426 883 2490 11,
897 2441 919 2490 ι,
931 2423 966 2476 60
978 2441 1018 2496 eq.

738 2513 932 2572 ...Opuenuteie

464 2581 541 2626 Vitrlie
549 2582 783 2641 netumernnjme
790 2595 818 2624 ue
825 2581 874 2639 quis
881 2579 965 2624 amicus

463 2651 553 2708 Frigore
561 2650 666 2708 referiat.

261 2763 297 2775 -
311 2735 460 2806 disjuncta,
478 2735 496 2785 i.
511 2753 535 2784 e.
552 2735 719 2806 principum
737 2737 868 2806 majorum
885 2731 979 2783 limina
987 2768 997 2796 ,
1011 2731 1164 2802 principum
1180 2732 1257 2785 tedes.
1276 2761 1313 2772 —

261 2814 424 2886 Fripescaut,
438 2815 547 2884 proprie
559 2812 595 2865 ad
609 2816 761 2887 principum
773 2813 865 2865 limina
879 2822 997 2882 spectat,
1011 2809 1057 2862 sed
1070 2829 1176 2882 gravem
1190 2813 1312 2882 injuriam

261 2906 307 2945 aut
323 2894 406 2963 ipsam
424 2907 536 2944 mortem
555 2894 643 2944 Persio
659 2891 806 2944 denuntiat.
827 2892 904 2940 Hunc
921 2905 1028 2940 aeneum
1042 2891 1131 2960 potius
1146 2889 1313 2956 admiserim,

262 2991 343 3044 quam
355 2993 409 3044 qun
421 2975 506 3025 ceteri
518 2976 674 3043 interpretes
684 2975 721 3026 sie
735 2971 868 3043 explicant
883 2989 889 3018 ι
907 2985 971 3019 euve
983 2987 1017 3020 ne
1034 2969 1180 3022 excludaris
1193 2970 1316 3042 sportula

261 3052 335 3125 (quae
347 3053 502 3124 plerumque
515 3055 541 3105 in
552 3053 644 3106 limine
655 3053 750 3105 edium
763 3047 959 3118 statuebatur);
972 3062 1017 3099 sut
1029 3048 1191 3120 simplicius:
1206 3068 1269 3101 cave
1279 3068 1313 3102 ne

262 3134 449 3206 principalium
467 3135 562 3187 aedium
583 3135 657 3186 aditu
675 3134 723 3186 tibi
742 3129 923 3182 interdicatur.
942 3129 1044 3202 Friqere
1062 3132 1131 3182 enim
1153 3149 1208 3183 non
1226 3131 1312 3184 aulum

262 3212 331 3266 male
344 3217 428 3287 excipi
438 3215 582 3285 significat,
594 3233 687 3266 verum
699 3214 777 3264 etiam
790 3223 925 3262 mortuum
935 3227 1006 3276 esse,
1019 3211 1096 3262 neoti
1106 3209 1201 3280 probat
1211 3211 1313 3262 Horatii

262 3291 440 3358 locus‚.unde
454 3293 499 3346 hic
512 3295 592 3346 Persii
606 3292 719 3344 ducitur.
737 3289 778 3342 Sic
792 3301 882 3341 autem
895 3287 1038 3359 significet,
1055 3289 1129 3360 quod
1140 3288 1228 3340 calore
1241 3287 1313 3340 vitali

262 3372 382 3426 vivimus.
395 3372 555 3446 Hincfripus
564 3391 613 3444 pro
624 3373 681 3443 ipss
692 3381 785 3420 morte.
796 3371 867 3439 virg.
878 3368 979 3420 AEneid.
991 3371 1038 3422 xll
1048 3367 1098 3420 sub
1110 3369 1188 3420 linem
1198 3380 1225 3420 et
1234 3367 1311 3420 alies:

203 3467 205 3474 ’
537 3493 553 3505 ..
561 3465 608 3505 ‚let
616 3460 646 3504 illi
654 3458 769 3502 solvuntur
771 3457 863 3516 friqere
871 3458 978 3502 membra

298 3570 367 3620 Nor.
391 3585 447 3638 ¹⁰9·
464 3568 549 3621 Sonat
566 3564 608 3616 liic
622 3565 653 3616 de
668 3581 732 3614 nare
745 3563 842 3614 canina
855 3562 961 3615 Littera,
976 3591 1012 3602 -
1025 3564 1115 3613 Potest
1131 3579 1205 3633 reque
1222 3561 1314 3613 referri

263 3648 360 3700 cunina
370 3647 412 3700 vel
429 3647 463 3699 ad
476 3665 538 3698 nare
548 3644 589 3696 vel
599 3644 633 3695 ad
648 3643 759 3710 littera,
772 3641 825 3694 illic
837 3662 886 3714 per
898 3643 1057 3708 ablativum,
1070 3640 1113 3692 hic
1126 3660 1174 3711 per
1185 3645 1312 3708 nominet.

263 3726 387 3779 litteram
403 3738 490 3777 nutem
502 3722 620 3792 intellige
635 3739 692 3774 esse
704 3724 740 3788 R,
756 3721 828 3794 quod
841 3724 913 3774 canis
926 3723 1008 3774 iratus
1020 3733 1047 3771 et
1060 3717 1213 3770 infrendens
1228 3723 1314 3791 expri-

264 3809 323 3870 mit;
336 3805 408 3858 unde
423 3806 512 3856 hirrire
526 3803 630 3857 dicitur.
646 3804 774 3854 Usitatior
789 3802 861 3874 apud
872 3802 980 3854 Latinoe
994 3799 1095 3852 locutio
1110 3799 1190 3850 fuisse
1201 3799 1314 3866 videtur,

190 3879 193 3888 ’
265 3887 369 3955 quoties
386 3881 564 3954 designandus
578 3883 629 3934 fuit
645 3882 726 3933 homo
743 3884 825 3935 iratus
839 3896 865 3934 et
879 3901 933 3954 pne
951 3885 989 3932 ire
1005 3879 1117 3943 latrans,
1134 3879 1175 3930 vel
1191 3879 1312 3932 hirriens.

263 3965 621 4024 Memornturvetuaversus‚
634 3963 694 4032 qui,
707 3964 792 4013 nuon
805 3974 843 4013 est
854 3959 1007 4025 Lucilii‚uti
1017 3957 1197 4025 contendunt,
1207 3960 1313 4023 saltem,

264 4045 454 4112 cujuscumque
466 4041 513 4106 sit,
525 4041 648 4092 nonnihil
659 4042 738 4093 atteri
749 4043 817 4094 lucis
828 4041 862 4093 ad
874 4041 946 4091 hunc
959 4039 1063 4091 locum:

466 4137 981 4197 Irritatncunisquudllltquamplurimadicnt.
