3056 4856
291 375 353 442 106
601 377 637 440 Λ.
664 373 821 440 PERSll
847 372 1017 440 Funccr

286 498 395 587 (Quid
404 501 578 586 metuaal)
589 497 781 594 cultrixque
793 498 861 573 ioci
872 521 991 570 secura
1003 497 1137 593 patella.

285 614 359 678 Hoc
370 611 472 677 satia?
483 632 526 676 an
539 607 656 680 deceat
667 607 867 701 pulmonem
878 631 1037 702 rumpere
1049 609 1175 688 cantia,

284 723 466 789 Stemmate
478 717 571 813 quod
582 723 696 790 Tusco
707 741 842 790 ramum
853 717 1031 792 millesime
1042 716 1160 789 ducis?

284 835 511 900 Censoremne
522 843 620 899 tuum
632 826 686 909 vel
699 827 791 923 quod
802 827 953 902 trabeata
964 826 1113 900 salutas?

285 939 336 1008 Ad
347 938 514 1033 populum
526 936 701 1033 phaleras!
715 962 777 1031 ego
788 953 822 1006 te
833 939 926 1010 intus
938 952 972 1011 ot
983 939 1020 1010 in
1031 951 1109 1010 cute
1119 940 1210 1010 novi.
1313 951 1349 1004 ³0

285 1055 361 1118 Non
372 1049 480 1144 pudet
492 1048 536 1115 ad
548 1072 679 1120 morem
690 1047 845 1122 discincti
856 1049 970 1122 vivore
982 1052 1114 1120 uattaer

285 1158 350 1229 Sed
361 1173 477 1251 stupet
489 1155 545 1224 hic
556 1161 656 1243 vitio,
669 1174 703 1226 et
714 1156 808 1226 fibris
818 1151 961 1242 increvit
972 1158 1126 1250 opimum

286 1273 434 1364 Pingue:
448 1283 541 1340 caret
552 1266 670 1362 culpo3
684 1270 811 1352 nescit,
826 1266 909 1362 quid
919 1267 1058 1360 perdat3
1071 1285 1105 1341 at
1116 1267 1188 1338 alto

287 1385 488 1463 Demersus,
502 1401 636 1449 summo
647 1401 718 1446 non
730 1401 849 1448 rursus
861 1377 962 1450 bullit
973 1381 1009 1451 in
1020 1377 1125 1452 unda.

334 1495 457 1582 Magne
468 1504 567 1582 pater
578 1488 837 1560 divumleaevos
847 1492 971 1584 punire
983 1507 1149 1583 tyranruu
1314 1501 1349 1558 35

290 1600 390 1670 Haud
401 1600 468 1670 alia
479 1602 611 1668 ratione
622 1599 722 1684 velis,
735 1625 843 1696 quum
854 1600 929 1674 dira
939 1600 1045 1675 libido

289 1714 435 1783 Moverit
445 1710 795 1806 ingenium,ferveuti
806 1715 913 1784 tincta
923 1736 1074 1785 veneno:

289 1827 460 1892 Virtutem
471 1823 627 1910 videant,
639 1823 918 1920 intabescantque
929 1823 1063 1897 relicta!

291 1939 387 2005 Anne
398 1935 507 2027 megia
519 1931 621 2008 Siculi
632 1949 836 2027 gemuerunt
847 1957 916 2006 aera
922 1931 1080 2029 juvenci,

291 2157 473 2201 mansuram
484 2149 590 2200 temen
602 2134 751 2212 domino,
762 2156 824 2217 qua
837 2135 896 2200 dila
910 2137 978 2200 liter
992 2137 1133 2199 Laribus.
1148 2138 1265 2198 Varum
1275 2157 1350 2220 opes

292 2238 365 2300 ictae
378 2251 413 2302 tu
427 2237 500 2300 catis
513 2256 576 2300 esce
589 2231 770 2300 arbitraria?
788 2235 877 2297 Anne
891 2235 985 2296 eriam
999 2234 1070 2318 jura
1088 2257 1125 2297 ac
1138 2235 1280 2296 decenter
1292 2233 1350 2295 tibi

210 2329 213 2338 ¹
292 2335 425 2401 ducatur
438 2335 564 2418 spirituc
577 2333 783 2416 superbiaque
801 2332 910 2415 pulmo
929 2334 1130 2410 intumescat,
1148 2331 1197 2394 vel
1210 2332 1296 2415 quod
1316 2334 1349 2394 in

293 2445 452 2498 summan
466 2431 648 2496 millesimus
663 2431 704 2495 ais
717 2430 818 2512 gradu
835 2431 877 2494 ab
891 2444 1018 2492 auctora
1032 2433 1147 2513 gentis,
1168 2453 1239 2513 quae
1256 2449 1351 2514 cupra

294 2532 405 2596 urbem
417 2530 577 2594 conditam
589 2528 629 2592 ad
638 2531 751 2594 tusca
762 2550 861 2611 utque
872 2528 1025 2605 ascendit;
1037 2529 1085 2591 vel
1094 2529 1179 2612 quod
1191 2550 1355 2593 censorem

295 2640 466 2707 cognatum
479 2638 569 2686 mum
584 2624 714 2700 salutes,
732 2625 809 2690 dum
826 2623 1033 2690 transveharis
1045 2626 1151 2688 trahea
1164 2622 1352 2708 insignitus?

296 2725 357 2784 Ista
376 2721 499 2806 plebem
518 2723 693 2806 decipiant,
712 2744 783 2805 quae
796 2724 904 2786 inania
915 2722 1052 2806 jactitem
1071 2745 1129 2807 ego
1143 2746 1217 2786 varo
1231 2739 1261 2786 te
1274 2723 1350 2788 nori

296 2821 469 2884 introrsum
487 2841 523 2880 ac
541 2821 674 2902 penitus.
695 2823 808 2886 Nonne
826 2819 920 2904 pudet
940 2817 1048 2903 degere
1062 2822 1159 2882 vitam
1178 2823 1213 2883 in
1230 2841 1351 2881 morem

297 2919 411 2995 Nattae,
427 2917 625 3000 perditissimi
639 2917 798 2984 hominia?
812 2919 1003 3002 Quanquam
1018 2922 1074 2982 iite
1086 2942 1127 2982 ne
1137 2922 1250 2981 vitium
1264 2917 1352 2979 intel·

297 3017 367 3099 tigit
376 3017 518 3099 quidem,
527 3019 712 3100 usqueadeo
722 3040 810 3083 mena
821 3019 934 3080 obruta
943 3020 1026 3081 vitiis
1036 3033 1153 3104 torpet,
1165 3017 1352 3102 usqueadeo

299 3115 441 3180 censibus
448 3115 598 3179 obdurant
606 3137 707 3178 crassa
716 3117 891 3198 pinguedo!
901 3115 988 3180 Nibil
995 3121 1023 3178 ei
1031 3120 1132 3203 culpae
1138 3120 1288 3201 imputari
1299 3137 1353 3200 po·

299 3223 373 3286 tott3
387 3212 484 3276 nascit
494 3212 599 3288 miter,
615 3234 710 3294 quam
722 3213 817 3276 faciat
828 3214 927 3276 animi
935 3213 1106 3296 jacturam
1121 3217 1224 3278 etimo
1235 3215 1354 3298 (leprae

301 3330 352 3374 cua
362 3311 497 3391 gurgite,
508 3307 573 3391 jam
587 3331 654 3374 nou
669 3311 708 3373 ad
722 3333 866 3395 cuperem
878 3333 992 3394 equam
1002 3317 1140 3396 emergit,
1158 3317 1203 3375 lla
1214 3333 1281 3374 uero
1291 3313 1354 3373 vicii

302 3408 345 3471 tui
357 3409 534 3471 cumulantia
546 3428 643 3470 curere
655 3415 775 3491 nequis,
788 3431 853 3492 qua
864 3431 951 3492 poam
964 3425 1006 3472 cst
1019 3415 1149 3473 maxima
1163 3412 1340 3473 nocentiae

343 3502 393 3570 35.
413 3529 427 3558 u
439 3504 468 3566 Ο
479 3505 615 3587 Jupiter,
630 3526 729 3586 quum
741 3527 796 3566 aua
806 3507 948 3588 tyrannia
957 3520 1037 3568 tetra
1047 3506 1215 3589 cupiditas,
1228 3504 1354 3566 venenis

304 3598 417 3668 infecta
430 3602 545 3682 quibua
555 3602 751 3680 exarderent,
765 3604 927 3685 ingenium
941 3607 1094 3666 exacuerit
1102 3604 1143 3665 ad
1153 3601 1353 3685 excogitanda

208 3775 210 3788 Ι
305 3699 408 3762 omnis
421 3699 541 3780 generis
554 3699 722 3782 supplicia,
736 3701 800 3774 Tu,
815 3723 928 3783 magne
941 3693 1027 3786 pater
1039 3704 1196 3777 Deorum,
1214 3699 1275 3760 hoc
1287 3713 1356 3759 tan·

304 3816 373 3860 tum
387 3799 539 3883 supplicio
554 3801 705 3861 aaeritiam
718 3820 827 3862 eorum
840 3823 994 3878 exerceas:
1008 3803 1154 3862 virtutem
1164 3797 1310 3872 videant,
1327 3809 1356 3856 et

306 3894 392 3976 quod
411 3916 481 3960 eam
501 3896 710 3971 deseruerint,
730 3898 924 3974 crucientur,
947 3897 1158 3957 intabescant!
1183 3893 1355 3974 Ecquando

306 3992 391 4052 enirn
401 3992 589 4055 acerbiorem
599 3992 696 4054 edidit
704 3994 855 4074 gemitum
866 3995 1010 4054 inventus
1024 3991 1076 4051 ille
1086 3990 1126 4052 ad
1136 3989 1356 4051 excmmiandoa
