3056 4856
286 430 329 496 92
463 407 618 471 VARIAE
641 403 914 470 LEGTlONES
937 403 1000 468 ET
1023 405 1161 470 NOTAE

285 531 377 584 cando.
385 531 488 598 -Boa,
498 541 527 582 ut
534 530 627 583 scribit
635 529 702 585 Plin.
710 531 772 600 maj.
781 568 789 596 ,
799 531 905 580 victima
913 530 1013 600 optima
1022 541 1048 580 et
1057 548 1108 606 qua
1119 533 1266 584 certissima
1277 533 1350 588 deo-

286 629 346 662 rum
356 609 470 682 placatio
480 610 674 662 lieret-Rem
682 619 791 677 elmere,
802 610 925 663 usitatior
936 607 1052 674 locutio,
1061 628 1075 660 a
1083 608 1176 660 Graeco
1185 609 1348 681 intrepidam

285 691 501 759 —Mercun’um,
515 689 594 744 deum
606 689 706 742 scilicet
717 689 794 741 lucri.
803 689 862 741 vid.
876 691 984 740 Homer.
997 686 1070 740 iliad.
1085 686 1120 756 ἴ,
1130 689 1181 760 489
1192 709 1250 764 sqq.
1260 693 1348 745 Conf.

286 772 378 823 Horat.
390 770 443 822 Sat.
451 773 488 838 ll,
497 772 523 837 6,
532 771 548 838 4
557 789 614 843 sqq.
623 791 630 832 ;
638 769 714 823 Ovid.
725 771 795 822 Faat.
804 769 837 836 V,
847 769 899 838 689
907 765 1207 841 sqq.-Arcetsisssbra,
1219 769 1273 822 lroc
1287 772 1351 824 effi-

286 871 345 904 cere
356 863 433 924 optas
445 850 633 917 sacrificando,
643 864 673 902 ut
683 851 827 902 Mercurius
836 863 862 900 te
872 867 988 920 praeiens
999 847 1131 901 exaudiat.
1147 849 1223 902 Fibra
1230 891 1238 920 ,
1249 871 1306 904 vox
1320 855 1349 905 in

285 933 366 983 sacris
388 931 528 998 solemnis,
548 931 612 1004 quia
623 927 700 1002 fibris
721 929 850 982 consultio
868 930 1021 981 vaticinatio
1043 929 1133 980 fiebat.
1151 930 1349 984 ScribitVarro

286 1024 430 1064 extremum
446 1012 479 1064 ab
497 1013 612 1083 antiquis
629 1009 729 1062 dictum
746 1006 950 1081 fuissefiltrum,
963 1007 1034 1060 unde
1050 1010 1077 1060 in
1090 1006 1300 1082 aagiefimbrioe,
1318 1014 1348 1064 in

203 1093 208 1102 ’
286 1088 435 1163 extiafilmoe
448 1091 608 1143 dictasunt.

229 1199 231 1204 ’
321 1205 388 1258 Νοτ.
406 1205 448 1272 45.
464 1205 505 1256 Da
509 1205 650 1277 fortunare
659 1203 910 1278 penatesl-Nulla
920 1203 1075 1276 interposita
1087 1206 1255 1271 transitione,
1267 1205 1347 1278 ipsae

285 1281 402 1336 hominia
409 1303 503 1356 preces
511 1287 612 1337 recitat.
621 1286 713 1338 Graeca
721 1297 760 1337 est
768 1282 874 1336 dicendi
886 1287 967 1345 ratio;
976 1283 1079 1336 Gallim.
1087 1285 1182 1356 Hymn.
1191 1286 1218 1335 in
1225 1285 1308 1336 Dian.
1317 1285 1346 1338 6.

286 1366 384 1432 -De,
397 1364 547 1433 concedas,
558 1385 609 1418 vox
622 1367 649 1417 in
664 1365 864 1436 precationibus
881 1363 1015 1416 aolemnie.
1024 1365 1221 1432 -Fortunare,
1237 1365 1265 1416 in
1277 1383 1348 1436 pre·

286 1442 361 1494 eibua
373 1444 508 1495 usitatum.
520 1443 575 1496 Cic.
588 1444 687 1516 Epist:
703 1443 784 1495 ·Tibi
797 1444 996 1495 matrimonium
1007 1443 1045 1494 dii
1051 1443 1202 1514 fortunent.
1214 1465 1225 1489 ι
1237 1442 1274 1494 ld.
1290 1463 1347 1515 pro

286 1521 452 1572 Murena-
463 1524 587 1591 Penates,
605 1522 717 1591 domus,
735 1522 892 1590 facultates,
912 1539 987 1594 opes.
1005 1521 1083 1576 Ovid.
1101 1524 1208 1574 Metam.
1224 1525 1252 1588 1,
1269 1522 1346 1589 486;

286 1604 366 1654 Triat.
380 1605 407 1670 l,
423 1621 446 1671 r,
461 1605 504 1672 34.

322 1717 390 1768 Nor.
407 1715 451 1784 46.
466 1719 508 1768 Da
515 1735 606 1789 penu,
617 1730 643 1770 et
649 1719 887 1790 qreqibmsoemm!
898 1719 969 1790 Quo,
978 1719 1100 1790 pessime,
1109 1718 1347 1792 pactu-Distin-

286 1796 421 1870 guendum
429 1795 470 1848 vel
478 1795 531 1849 hoc
538 1797 599 1849 lucu
608 1798 719 1850 forsitan
725 1817 803 1868 pecua
811 1817 824 1850 a
830 1817 916 1871 prope.
926 1799 1044 1850 Alterum
1053 1817 1147 1870 magna
1156 1816 1254 1869 pecora
1262 1837 1271 1864 ,
1279 1798 1347 1850 alte·

287 1895 345 1928 rum
360 1896 455 1949 parvas
469 1876 586 1950 pecudes
601 1875 733 1948 designat.
743 1876 833 1928 Verba
847 1891 910 1928 aunt
923 1877 1039 1928 bominis
1054 1880 1140 1930 omnia
1155 1881 1259 1948 gener-ie
1274 1897 1345 1949 opea

288 1955 338 2008 sibi
350 1959 508 2029 exoptantis.
519 1982 551 1996 -
560 1957 658 2009 Foetum
665 1979 675 2019 ,·
688 1969 717 2008 ut
729 1958 879 2008 increscant
888 1975 985 2031 prayer.
993 1987 1030 1998 -
1039 1957 1094 2027 Quo
1099 1997 1108 2025 ,
1117 1960 1237 2028 pessime,
1246 1959 1347 2029 pacto?

285 2035 442 2106 ludignatur
451 2036 588 2088 stultitiam
601 2035 726 2088 bominis.
738 2037 796 2106 Quo
804 2048 897 2108 pireto,=
908 2035 1035 2104 subaudi,
1047 2035 1074 2089 id
1083 2036 1192 2090 dabitur
1204 2039 1346 2110 emperia,

288 2117 363 2186 quod
377 2129 495 2188 exoptas.

323 2232 391 2283 Nor.
411 2229 454 2302 47.
477 2231 528 2284 Tot
543 2232 589 2283 tibi
607 2249 686 2304 quum
703 2233 731 2283 in
741 2231 863 2308 flammis
871 2233 998 2305 junicum
1015 2245 1121 2286 omenta
1139 2231 1291 2306 liquescant.
1306 2261 1345 2272 -

288 2312 381 2381 Arguit
387 2311 526 2384 pessimum
539 2323 705 2384 precatorem
716 2309 869 2377 dementia,
880 2313 927 2382 qui
936 2324 1013 2384 putet
1025 2330 1130 2384 gregem
1142 2311 1247 2382 augeri,
1258 2329 1344 2384 quum

288 2392 422 2444 sacrificiis
434 2391 554 2466 quotidie
564 2394 706 2444 minuatur.
717 2391 873 2456 -Juniees,
884 2391 966 2443 boves
976 2391 1210 2464 auntjuniores.—
1220 2391 1342 2444 Omentu.

287 2469 353 2523 Plin.
368 2475 435 2527 llist.
449 2476 511 2527 Nat.
522 2475 561 2541 11,
573 2475 618 2544 37,
628 2475 664 2526 ait
675 2491 731 2526 esse
741 2471 908 2525 membranas
918 2486 1027 2538 tenues,
1037 2489 1096 2544 qua
1107 2484 1224 2524 ventrem
1233 2473 1344 2524 interio-

289 2569 344 2602 rem
355 2555 485 2626 integunt.
493 2585 529 2595 -
536 2557 569 2607 1η
571 2554 694 2631 flammis
703 2553 831 2626 liquescan
836 2565 853 2606 t.
865 2554 955 2605 Partes
965 2562 1070 2605 omento
1080 2550 1212 2604 involutae
1220 2551 1344 2604 comburi

290 2629 382 2684 solitae
394 2633 475 2686 fuisse
487 2648 582 2686 notum
596 2647 643 2684 eat.
659 2635 767 2684 Homer.
783 2633 856 2685 lliad.
871 2629 902 2694 ι’,
915 2632 982 2699 460;
997 2627 1032 2694 θ’,
1050 2631 1114 2700 240,
1126 2630 1222 2685 Catull.
1234 2631 1296 2700 XC,
1307 2631 1341 2684 6:

491 2735 604 2776 omentum
614 2731 636 2775 in
647 2731 737 2776 flamma
746 2731 827 2788 pingue
837 2729 986 2788 liquefaciens.

289 2811 331 2864 Sic
350 2810 463 2866 adeum
478 2835 584 2868 versum
602 2831 715 2869 annotat
730 2816 922 2869 casaubonus:
941 2817 1019 2869 tEtai
1034 2817 1063 2868 in
1080 2813 1212 2868 bonorem
1229 2813 1343 2867 deorum

289 2894 399 2943 mactari
412 2895 524 2946 victimae
541 2893 708 2961 dicebantur,
723 2894 912 2968 utplurimum
929 2907 1019 2949 tamen
1035 2898 1137 2948 minuta
1153 2893 1273 2968 quiedam
1290 2893 1342 2948 diit

291 2968 453 3042 adolebant,
468 2989 561 3027 ctetera
573 2977 743 3028 convivantes
757 2973 942 3027 absumebant.

322 3159 382 3206 Van.
400 3158 439 3218 48.
455 3163 487 3208 Et
500 3169 575 3208 tomen
589 3161 694 3209 ltic‘ertir
708 3171 731 3210 et
743 3163 817 3226 opimo
831 3163 918 3208 vumere
925 3160 991 3225 ferto
1005 3161 1113 3208 Intendit.
1123 3185 1155 3198 -·
1165 3180 1175 3200 ι
1186 3161 1256 3206 llecte
1263 3158 1341 3220 ferta,

291 3228 324 3275 ait
333 3229 497 3287 casaubonum,
510 3245 557 3276 non
563 3231 640 3296 forto,
654 3231 718 3296 quod
729 3232 753 3277 in
765 3229 897 3294 depravatis
907 3229 1026 3278 codicibus
1036 3232 1157 3277 inventum
1166 3229 1225 3275 male
1237 3239 1341 3275 tuentur.

291 3299 416 3358 Catonem,
429 3301 458 3346 de
471 3303 503 3348 lle
515 3304 612 3359 rustica,
626 3320 677 3366 cap.
692 3301 749 3360 134,
762 3301 823 3365 lege.
834 3323 844 3344 ι
858 3327 889 3337 -
899 3303 991 3364 Legunt
1002 3301 1112 3366 quidam:
1126 3300 1242 3346 Attamen.

326 3409 394 3460 Nor.
415 3409 458 3476 48.
473 3411 509 3462 Et
520 3420 607 3463 tamen
620 3411 663 3464 hic
673 3411 737 3464 extis
748 3411 774 3464 el
784 3413 872 3483 opimo
886 3411 988 3464 vincere
994 3409 1067 3481 serto
1077 3409 1201 3461 Intendit.
1209 3407 1287 3458 -Et
1299 3415 1342 3457 ta-

293 3505 351 3540 men
365 3487 422 3550 bie,·
439 3508 533 3542 avarus
547 3491 647 3543 scilicet
661 3504 687 3543 et
700 3489 795 3544 stultus
810 3503 979 3561 precator.-
985 3489 1069 3542 Extis.
1081 3490 1143 3554 Gor,
1155 3485 1262 3558 pulmo,
1274 3485 1342 3550 lien,

289 3569 381 3637 jecur,
401 3583 547 3642 ceteraque
563 3572 666 3624 minuta
682 3570 731 3622 diia
747 3572 881 3642 precipue
893 3569 1089 3632 reddebantur,
1108 3568 1163 3619 hac
1181 3579 1257 3618 erant
1273 3576 1341 3617 exta.

292 3649 365 3722 Virg.
379 3651 475 3722 Georg.
488 3651 528 3719 ll,
542 3651 608 3722 194:

494 3752 601 3796 lancibus
609 3762 630 3795 et
637 3751 714 3809 pandis
721 3717 831 3794 fumantia
841 3749 952 3793 reddimus
961 3755 1020 3792 exta.

293 3837 423 3905 -Ferto,
437 3840 514 3909 quasi
522 3837 636 3909 feretro,
648 3857 664 3890 a
673 3838 746 3909 serre
753 3859 762 3899 ,·
776 3835 867 3902 idest,
880 3834 954 3906 quod
964 3833 997 3887 ad
1008 3832 1211 3904 araafmbatur.
1225 3831 1272 3882 Hie
1283 3845 1343 3882 ver-

294 3913 335 3968 bis
347 3917 410 3970 extis
423 3929 449 3968 et
455 3916 529 3988 ferto
544 3916 667 3987 intelligit
678 3918 750 3968 varia
761 3934 859 3985 genera
871 3915 1055 3977 oblationum,
1071 3909 1218 3981 eademque
1233 3907 1343 3980 amplia·

295 3995 361 4046 eima
370 3997 452 4050 luisse
464 3998 552 4070 opimo
565 3997 711 4050 confirmat.
720 4025 756 4037 -··
766 3995 875 4050 Vincere
880 4018 889 4058 ,-
903 3995 975 4046 Deoa
989 4009 1140 4062 expugnare
1152 3988 1315 4042 muneribus.

330 4105 397 4158 Νθτ.
418 4108 465 4177 49,
481 4109 523 4161 ⁵0.
538 4109 599 4160 Jarn
615 4110 705 4162 erescit
720 4127 789 4184 aper,
801 4111 861 4181 jam
876 4107 963 4158 crescit
979 4101 1062 4164 ovile‚·
1080 4103 1143 4154 Jam
1159 4101 1272 4167 dabitur,
1282 4103 1342 4172 jam
