3052 4854
326 365 365 431 16
637 368 674 430 A.
702 365 861 432 PERSll
885 367 1055 434 FLACCl

318 490 502 566 Auriculis.
515 491 638 585 quibus
652 508 686 560 et
696 490 788 561 dicas
800 509 877 561 cute
888 494 1060 586 perditus,
1073 494 1162 563 ohe?

318 608 450 690 —Quo
463 601 635 686 didicisse,
649 606 713 672 nisi
726 602 791 672 hoc
803 605 1023 689 fermentum,
1035 622 1069 674 et
1078 631 1155 702 quae
1164 607 1269 676 semel
1278 611 1371 678 intus

317 719 438 783 lunata
451 729 633 807 est‚rupto
642 709 756 806 jecore
767 717 886 784 exierit
896 715 1096 809 caprificus?
1336 732 1370 785 ιε

316 828 425 892 -En
437 821 546 918 pallor
558 824 774 918 seniumque!
787 848 808 892 o
820 832 945 893 mores!
961 825 1209 920 usqueadeone

316 937 405 1004 Scire
418 949 515 1002 tuum
527 930 611 1000 nihil
623 949 690 1015 est,
704 935 768 1001 nisi
781 949 813 1002 te
825 937 911 1002 scire
923 934 988 1004 hoc
1001 937 1084 1004 sciat
1093 935 1201 1004 alter?

315 1087 362 1099 —
373 1052 416 1114 tt
426 1043 609 1140 pulchrum
622 1061 675 1112 est
684 1043 790 1137 digito
802 1048 1000 1129 monstrari,
1013 1063 1047 1116 ct
1057 1046 1179 1131 dicier,
1192 1046 1248 1116 lsic
1259 1056 1325 1117 est!

315 1156 397 1227 Ten'
410 1160 611 1225 cirratorum
623 1173 761 1224 centum
772 1157 896 1226 dictata
908 1159 1012 1226 fluisse
1211 1141 1213 1146 ⁵
1272 1227 1278 1240 ,

315 1272 379 1334 Pro
391 1265 497 1336 nihilo
508 1265 673 1360 pendasi.
683 1318 709 1334 ..
723 1307 769 1319 -
780 1271 867 1337 Ecce
879 1270 968 1337 inter
980 1269 1102 1362 pocula
1114 1287 1272 1364 quaerunt
1332 1285 1367 1339 30

314 1376 502 1446 Romulidas
514 1379 635 1460 saturi,
646 1377 728 1473 quid
739 1379 793 1447 dia
806 1397 963 1473 poemata
975 1396 1123 1450 narrent.

314 1492 377 1557 Hic
387 1487 525 1583 aliquis,
539 1487 593 1555 cui
605 1491 733 1556 circum
745 1489 905 1560 humeros
917 1489 1138 1585 hyacinthina
1150 1490 1235 1560 laena
1247 1507 1312 1574 est,

311 1598 537 1667 Rancidulum
550 1597 713 1693 quiddam
726 1599 827 1669 balbo
839 1599 881 1670 de
894 1625 974 1670 nare
987 1601 1135 1687 locutus,

312 1709 499 1805 Phyllidas,
512 1711 734 1805 Hypsipyles,
748 1728 864 1779 vatum
876 1729 911 1780 et
920 1711 1085 1806 plorabile
1097 1717 1125 1782 si
1137 1713 1236 1809 quid,

311 1822 510 1918 Eliquat‚et
522 1837 638 1890 tenero
650 1819 848 1916 supplantat
859 1824 961 1892 verba
971 1823 1094 1916 palato.
1329 1839 1364 1892 35

311 1941 493 2004 Assensere
504 1935 586 2017 viri3
600 1956 692 2000 nunc
705 1956 774 2001 non
786 1935 871 2000 ciuis
884 1933 940 2002 ille
951 1951 1061 2027 poetae

312 2045 423 2114 Felix?
434 2068 504 2116 non
516 2041 621 2113 levior
633 2046 753 2136 cippus
767 2067 859 2112 nunc
871 2046 1035 2138 imprimit
1045 2049 1144 2114 ossa?

310 2225 381 2266 rans
391 2206 541 2266 intercute
549 2203 694 2288 superbia
702 2202 803 2263 dicere
812 2205 946 2284 cogaris,
957 2203 1031 2281 ohe,
1041 2205 1360 2268 satisestlaudumi*

308 2305 393 2365 Mon.
413 2303 497 2382 Quid
513 2315 614 2364 autem
626 2301 716 2384 juvat
730 2301 906 2362 doctrinam
920 2304 1121 2385 conquirere,
1139 2305 1198 2364 nisi
1218 2305 1360 2365 doctrina

308 2398 362 2462 illa
376 2403 459 2462 intus
472 2413 621 2482 concepta
635 2410 779 2480 erumpat
790 2398 931 2482 disrupto
945 2399 1065 2482 jecore,
1083 2402 1302 2486 perveniatque
1320 2403 1360 2462 ad

308 2497 400 2573 alios,
412 2511 447 2558 nt
459 2496 646 2559 fermentum
658 2496 744 2576 quod
756 2496 917 2574 exuberat,
931 2511 966 2558 ut
977 2497 1055 2560 licus
1065 2499 1191 2574 sterilis,
1203 2519 1288 2580 quae,
1304 2498 1359 2559 ubi

307 2594 399 2658 semel
410 2597 520 2656 innata
532 2608 576 2656 est
587 2597 668 2656 intra
680 2597 808 2678 parietes
818 2643 827 2672 ,
838 2598 893 2657 sihi
905 2599 989 2658 viam
999 2601 1113 2680 aperit,
1122 2600 1244 2680 exitque
1256 2598 1296 2658 ad
1307 2618 1360 2656 au·

307 2713 365 2752 ras.
378 2727 417 2738 —
431 2694 519 2752 Pnns.
538 2692 587 2752 En
606 2693 701 2774 igitur
718 2715 776 2753 cur
802 2692 889 2753 libris
910 2693 1112 2775 impallescis?
1130 2695 1163 2752 in
1182 2691 1243 2752 hoc
1264 2692 1358 2771 igitur

306 2789 514 2852 consenuisti?
531 2812 550 2851 o
564 2793 653 2873 pravi
668 2793 785 2853 mores!
802 2793 908 2873 Usque
919 2789 1037 2851 adeone
1048 2788 1191 2849 doctrina
1203 2801 1258 2847 tua
1272 2787 1358 2850 nulla

305 2887 401 2965 foret,
410 2889 469 2948 nisi
478 2887 530 2948 alii
538 2891 650 2950 scirent
656 2889 737 2950 hanc
745 2909 808 2950 esse
816 2890 850 2948 in
856 2902 886 2947 te
893 2884 1219 2948 doctrinaml-Mon.
1226 2886 1266 2944 tt
1272 2885 1356 2947 enim

305 2986 476 3069 gloriosum
498 3001 560 3062 est,
586 2988 610 3046 si
628 3001 658 3046 te
677 2985 776 3067 digito
795 2984 956 3066 designent
977 2994 1190 3057 transeuntes,
1210 2995 1245 3042 ut
1263 2983 1357 3061 uinum

304 3102 410 3165 quern3
430 3083 455 3142 si
471 3082 576 3144 dicant
594 3081 631 3142 de
645 3095 691 3158 te,
710 3081 761 3142 hic
778 3081 830 3141 ille
841 3093 894 3140 est.
907 3081 990 3140 Num
1005 3091 1040 3138 tu
1052 3076 1144 3138 nihili
1156 3097 1217 3138 esse
1229 3088 1319 3160 putas
1328 3078 1355 3138 si

304 3183 416 3265 scripta
426 3196 479 3243 tua
490 3181 630 3242 dictitent
642 3182 675 3241 in
688 3179 800 3241 scholis
811 3180 949 3261 magistri
962 3177 1105 3260 plurimis
1115 3177 1273 3237 nobilibus
1284 3175 1356 3236 ado·

303 3277 516 3340 lescentibusi.
524 3324 546 3340 ..
557 3315 595 3324 -
606 3279 696 3340 Pans.
706 3279 784 3338 Ecce
793 3279 891 3338 nostri
902 3297 1044 3359 proceres
1051 3275 1148 3337 saturi
1156 3287 1268 3356 rogant
1275 3276 1355 3340 inter

303 3377 416 3461 pocula
426 3376 503 3458 qnid
513 3389 686 3437 memorent
694 3378 816 3458 egregia
826 3377 964 3436 carmina
974 3389 1151 3457 poetarum,
1160 3374 1179 3432 i.
1190 3395 1216 3434 e.
1228 3373 1355 3432 reciten-

302 3491 354 3540 tur
361 3492 482 3563 rogant.
488 3477 568 3538 'lum
576 3477 779 3537 convivarum
787 3473 900 3555 aliquis
907 3473 1076 3534 coenatoria
1084 3471 1171 3532 molli
1178 3469 1354 3530 vesteindu-

301 3590 350 3638 tus
360 3569 1138 3654 colorisviolacei,ball>utiens,etproefatiunculam
1146 3568 1352 3648 nescioquam

301 3675 444 3758 putidam
452 3673 640 3757 praemissam
651 3673 824 3733 recitationi
834 3670 955 3732 locutus
965 3691 982 3731 e
992 3667 1188 3743 nas0,clara‚
1199 3678 1352 3746 quantum

300 3773 559 3857 valet,etliquida
566 3793 640 3833 voce
648 3773 755 3832 recitat
762 3770 998 3854 Phyllidas‚aut
1007 3761 1352 3849 Hypsipylas‚autalias

300 3871 454 3954 quaslibet
469 3871 657 3955 lacrymosas
671 3883 833 3954 poetarum
851 3867 996 3951 elegeias,
1016 3877 1046 3924 et
1062 3863 1144 3923 inter
1156 3859 1349 3922 recitandum

179 4024 182 4036 .
299 3971 393 4032 verba
411 3969 513 4033 mollit
531 3969 708 4052 frangitque
725 3968 831 4051 palato
849 3967 959 4027 leniter
975 3961 1108 4025 illidens.
1128 3959 1268 4020 Probant
1284 3954 1349 4016 hnc

300 4087 415 4148 magno
427 4089 578 4129 consensu
590 4067 757 4128 auditores.
774 4066 852 4146 Age,
867 4083 973 4125 nonne
989 4072 1035 4122 est
1050 4069 1142 4140 poeta
1158 4053 1245 4128 felix,
1262 4062 1348 4134 pott-
