3052 4854
294 375 337 458 64
472 375 627 442 VARIAE
652 375 925 442 LECTIONES
950 377 1011 442 ET
1036 378 1172 445 NOTAE

292 503 321 552 iu
332 501 411 552 sstirn
423 497 547 571 Eupolis,
561 517 650 571 neque
658 511 712 550 tom
720 501 775 552 sori
783 498 848 552 Isesit
859 499 998 552 hominum
1010 503 1113 556 animos
1126 504 1252 574 audacia,
1267 523 1350 579 quam

294 579 422 632 Cratinus.
431 575 580 642 -Palles‚
594 576 741 630 studiosius
755 578 828 650 Iegis.
840 579 961 632 Juvenal.
974 581 1034 647 vu,
1046 597 1098 651 973

492 671 554 712 'runc
561 681 602 724 por
608 668 696 724 Ingenio
703 668 810 725 pretInms
819 677 872 712 tuno
880 669 932 712 utile
940 667 1016 714 multis

493 738 594 786 Fallere,
602 745 624 779 et
631 736 708 778 vinum
718 745 763 779 toto
771 735 855 779 nescire
862 737 980 781 decembri.

290 811 385 867 Pallor
396 831 446 887 pro
461 811 550 866 studio
566 813 621 865 ocri
632 811 713 885 vulgo
728 814 845 885 ponitur.
858 813 974 867 Seruitus
987 833 1050 866 vcro
1064 819 1158 888 sepius
1170 817 1349 889 impallescere

290 894 373 962 libro,
385 894 424 948 vel
438 893 519 947 alicui
529 892 660 965 legendo,
673 913 752 966 quum
763 894 866 967 pallere
875 895 1005 968 aliquem
1017 895 1089 950 unde
1099 895 1207 970 quidam
1219 901 1348 974 interpre-

290 989 388 1041 tantur,
400 994 479 1048 usque
487 975 523 1028 od
531 974 664 1048 pallorem
670 974 816 1046 formidas,
829 975 865 1026 ob
878 975 937 1048 styli
950 975 1130 1030 acerbitatem.
1235 991 1242 1002 ¹

325 1085 393 1136 Nur.
414 1081 471 1135 125.
487 1081 581 1154 Aspice
592 1091 617 1132 et
629 1081 697 1147 luc,
709 1081 811 1153 sisoius
821 1081 925 1154 aliquid
934 1083 1063 1136 decoctius
1073 1085 1157 1136 audis.
1169 1111 1207 1124 —
1217 1085 1295 1155 Huc,
1306 1107 1343 1141 sc.

288 1179 348 1235 quse
358 1179 408 1232 ego
421 1162 523 1231 scripsi.
535 1187 571 1200 -
582 1158 695 1232 Aliquid
702 1161 845 1222 decoctiusr
854 1163 992 1214 maturiori
1002 1160 1106 1232 judicio
1124 1177 1150 1216 et
1163 1161 1277 1237 longiori
1289 1181 1345 1220 arte

287 1262 321 1297 sc
334 1242 423 1296 studio
436 1241 612 1295 elaboratum.
624 1243 807 1294 Usitetissima
821 1242 894 1315 opud
907 1244 1031 1315 antiquos
1046 1244 1223 1316 metaphorae,
1234 1249 1345 1300 crudum

287 1342 338 1395 pro
350 1323 631 1395 imperfecto,cootum
642 1341 691 1392 pro
702 1321 824 1374 absoluto
835 1324 1019 1396 perfectoque.
1030 1325 1073 1378 Sic
1084 1326 1184 1378 Noster
1196 1345 1275 1398 supro
1287 1347 1344 1383 cru·

288 1401 329 1454 dis
340 1403 456 1454 numeris
464 1400 529 1452 dixit
538 1420 562 1452 v.
574 1417 617 1471 9².
630 1401 673 1453 Sic
685 1401 754 1452 infra
765 1399 818 1454 Snt.
829 1405 867 1469 11,
880 1401 929 1472 76:
946 1405 1098 1456 siucoctum
1110 1423 1240 1476 generoso
1249 1421 1344 1478 pectus

287 1482 436 1536 honesto.»
449 1481 561 1550 Quintil.
574 1480 621 1534 lib.
635 1481 672 1548 11,
685 1500 744 1554 cap.
757 1483 789 1550 4:
806 1484 966 1536 «Materiam
977 1483 1039 1537 volo
1051 1488 1167 1558 primum
1178 1507 1236 1540 esse
1247 1488 1288 1542 vel
1300 1489 1345 1543 ab·

199 1591 200 1594 =
287 1560 488 1627 undantiorem‚
503 1561 544 1614 vel
556 1559 625 1614 ultra
642 1579 722 1632 quem
736 1574 860 1633 oporteat
876 1562 963 1616 insons
976 1584 983 1614 ε
998 1561 1112 1616 multum
1126 1563 1188 1618 inde
1200 1567 1346 1641 decoquent

289 1643 366 1709 unni,
383 1639 498 1694 multum
515 1643 582 1695 ratio
597 1639 714 1708 Hmnbit,
729 1640 831 1714 aliquid
845 1639 888 1696 rel
902 1645 961 1716 ipso
978 1661 1029 1696 usu
1047 1641 1190 1698 deteretur.
1200 1669 1213 1694 ι
1233 1645 1289 1700 Cic.
1309 1647 1344 1700 de

287 1717 392 1772 Senect.
409 1742 421 1766 e
430 1722 512 1772 Poma
527 1737 560 1772 ex
574 1719 727 1788 arboribus,
742 1721 764 1772 si
778 1719 859 1774 cruda
873 1735 948 1790 sunt,
958 1723 984 1774 si
996 1721 1160 1788 avelluntur;
1172 1726 1306 1778 simoturo
1316 1740 1344 1780 et

287 1811 378 1866 cocta,
394 1795 554 1854 dsciduns.·
569 1799 647 1854 Unde
659 1797 794 1854 ducantur
801 1799 979 1876 metaphoras,
995 1799 1052 1856 Istc
1064 1801 1119 1856 duo
1133 1802 1254 1880 exemplo
1268 1807 1344 1877 qussi

288 1891 408 1934 monent.

322 1986 390 2048 Nor.
408 1985 464 2036 126.
475 1984 542 2034 Iude
557 1993 680 2050 vaporata
696 1980 776 2033 lector
787 1982 855 2034 milii
859 1985 965 2054 ferveat
976 2002 1046 2035 nure.
1059 2013 1094 2023 -
1106 1985 1185 2051 Inde,
1197 1987 1299 2042 scilicet
1311 2007 1342 2044 cx

288 2085 319 2118 ea
331 2066 461 2127 lectione;
476 2059 634 2114 struendum
646 2077 708 2110 oum
722 2072 861 2130 vaporata,
875 2079 929 2113 non
943 2081 1003 2116 cum
1011 2064 1123 2134 seruent.
1136 2095 1171 2105 —
1183 2067 1252 2118 Aure
1264 2089 1341 2140 uapo-

287 2160 343 2200 ruta
348 2187 357 2214 ‚
368 2167 405 2200 sc.
414 2156 521 2216 tepente
529 2155 555 2194 et
566 2139 601 2192 sd
609 2139 816 2211 concipiendum
826 2142 959 2194 fervorem
970 2148 1238 2214 prepossuimus.
1250 2149 1294 2202 lib.
1304 2153 1339 2204 II:

289 2225 485 2298 «tepidumque
497 2239 626 2295 vaporem.
638 2242 650 2266 ι
660 2219 733 2290 Virg.
744 2219 845 2276 AEneid.
859 2221 909 2288 xr,
922 2219 969 2287 481
981 2244 987 2274 :
1002 2236 1046 2274 set
1058 2226 1186 2297 templum
1197 2240 1255 2280 ture
1266 2247 1341 2300 oapo·

287 2317 355 2358 ruut.
364 2330 374 2354 s
384 2306 531 2356 -Ferueot
543 2299 611 2352 milti
623 2296 711 2366 lactor,
725 2315 761 2350 sc.
775 2298 859 2350 lector
871 2297 913 2350 vul
924 2299 988 2350 mihi
1000 2299 1127 2372 frequens
1137 2306 1287 2377 contingat,
1298 2307 1340 2360 vol

286 2405 328 2438 me
336 2385 424 2438 studio
433 2397 562 2435 accensus
571 2391 598 2430 et
601 2377 722 2450 feruidus
729 2377 807 2448 legat.
818 2381 924 2431 Feruere
931 2381 1000 2430 euim
1008 2383 1145 2452 negotium
1154 2382 1259 2452 dicitur,
1268 2385 1341 2458 quod

285 2479 395 2538 urgetur
407 2464 576 2535 diligentius,
589 2474 615 2512 et
620 2460 726 2534 seruere
737 2459 835 2512 dicitur
845 2460 935 2528 Iocus,
948 2461 995 2532 qui
1006 2474 1044 2514 est
1053 2460 1206 2516 hominibus
1216 2465 1340 2540 frequen-

286 2547 411 2598 tissimus.
424 2543 513 2614 virgil.
527 2539 630 2592 AEneid.
643 2541 688 2606 IV,
700 2539 768 2610 407:
785 2559 932 2612 «...opere
944 2545 1030 2594 omnis
1044 2543 1136 2594 semiss
1143 2543 1238 2614 feruet.
1250 2571 1261 2594 ι
1275 2547 1340 2598 'luc

286 2624 347 2676 neb.
361 2624 408 2674 lib.
423 2623 546 2688 XXVIII,
560 2640 584 2672 c.
595 2620 641 2687 26,
655 2620 743 2672 Iocum
752 2622 1005 2692 siciuterpretntnr:
1023 2620 1141 2675 «Lector
1148 2626 1253 2696 ferveat
1263 2645 1339 2679 mco-

285 2719 346 2754 rum
361 2699 448 2752 studio
465 2713 633 2770 poematum,
648 2712 674 2750 et
692 2697 754 2750 inde
772 2709 898 2772 vaporata
912 2709 939 2748 et
955 2697 1086 2751 calefacta
1099 2701 1242 2776 afflatuque
1259 2723 1339 2774 nure,

286 2781 360 2854 quod
378 2792 405 2832 et
422 2779 535 2832 audierit
554 2793 582 2832 et
598 2779 806 2852 persolutnverit
822 2780 946 2832 Comicus
963 2785 1250 2838 vesems.·.1tonuulti
1267 2787 1338 2838 enim

284 2861 522 2914 commentantium
534 2857 583 2914 Ises
595 2879 674 2913 voces
685 2861 791 2940 afflato,
809 2871 948 2932 soporata,
955 2861 1062 2932 ferveat
1073 2861 1152 2916 eliam
1164 2885 1195 2918 ex
1206 2865 1259 2918 olis
1273 2883 1337 2938 pen·

284 2942 348 2995 dere
361 2940 470 3002 voluntr
485 2951 515 2992 ut
530 2941 601 2992 enim
614 2958 646 2991 cx
662 2940 759 3016 afflans
776 2957 871 3011 uapor,
888 2941 925 2992 sio
942 2957 974 2992 ex
990 2959 1086 3012 uapore
1098 2943 1178 2996 Iscile
1188 2947 1338 3017 concipitur

279 3023 380 3094 feruor.

315 3197 377 3243 Vsu.
398 3183 449 3260 ¹²I·
465 3195 519 3240 Nou
534 3192 584 3250 ilc,
599 3195 641 3258 qui
651 3196 674 3239 in
685 3193 787 3260 crepida
799 3194 921 3240 Graiorum
935 3193 1013 3242 luders
1022 3199 1097 3261 pestit.
1111 3221 1144 3234 -
1156 3199 1253 3246 Tollitur
1266 3215 1295 3246 cn
1307 3215 1336 3247 eo

284 3282 354 3315 uersu
365 3270 388 3312 ιἰι
402 3264 541 3328 qulbusdnm
555 3265 579 3310 In
593 3265 756 3326 menuscrIptis
767 3277 791 3310 et
805 3263 953 3334 editionibus.
966 3267 1020 3312 Non
1033 3265 1104 3314 Isnbet
1117 3271 1141 3314 in
1152 3270 1266 3316 vaurtim
1281 3283 1335 3316 ons·

284 3341 363 3396 ninus,
375 3355 434 3402 ques
445 3337 530 3384 hebent
541 3335 600 3382 nihl.
611 3337 696 3397 Regis,
708 3335 788 3384 editio.

318 3441 386 3492 Nor.
410 3455 468 3510 127.
482 3437 545 3490 Nost
558 3437 614 3504 iic,
625 3437 671 3510 qui
683 3436 711 3488 in
720 3438 836 3510 crepidas
854 3437 993 3492 Graiorum
1008 3439 1096 3492 ludere
1111 3444 1188 3514 gestit
1201 3441 1333 3494 Sordidus.

281 3517 556 3590 -Qnemedmodum
566 3516 641 3571 luxus
653 3518 738 3570 iniret
747 3517 885 3586 mollitiei,
896 3523 1019 3574 vestitum
1033 3522 1182 3575 Romanum
1192 3523 1283 3576 Gruco
1292 3522 1334 3576 vel

283 3602 401 3653 Asiatico
413 3611 529 3664 mutare,
544 3599 581 3650 sic
590 3597 730 3667 ineptiseet
738 3598 846 3650 sordide
855 3598 999 3670 superbie,
1012 3617 1073 3652 suos
1083 3605 1178 3656 exteris
1188 3602 1335 3674 exprobare

283 3694 371 3734 restes
390 3693 416 3733 et
436 3679 625 3732 calceamenta.
648 3681 730 3730 Porro
750 3680 888 3752 utriusque
907 3683 1011 3752 generis
1030 3679 1106 3732 multi
1125 3695 1188 3734 tunc
1208 3683 1334 3755 temporis

283 3763 372 3816 Romu
379 3760 498 3829 iderunt,
506 3761 649 3834 presertim
657 3779 689 3812 ex
696 3759 740 3811 illa
745 3761 1023 3833 penteceutusiouum‚
1031 3779 1109 3832 quam
1118 3764 1215 3818 Noster
1222 3767 1249 3817 iu
1258 3765 1335 3816 tertie

285 3842 411 3898 hircosam
422 3845 527 3895 vocavit
542 3857 688 3913 rursusque
700 3842 784 3912 tetigit
799 3845 824 3893 in
839 3845 939 3914 quinta.
954 3844 999 3894 Isti
1011 3845 1214 3896 transmarinam
1228 3861 1335 3896 omnem

285 3925 440 3991 sapientiam
448 3919 543 3976 stolide
551 3920 700 3994 dedignati,
711 3921 858 3974 Romanam
869 3939 944 3974 suam
958 3918 1140 3972 humiditatem
1155 3923 1206 3974 sibi
1217 3921 1334 3994 gratule-

285 3998 390 4054 bantur.
400 4005 434 4055 Hi
442 4005 539 4054 suntin
547 4019 614 4076 quos
621 4003 724 4055 Persius
735 4001 887 4067 invehatur,
896 4003 981 4054 Graiu
990 3997 1168 4074 Philosophiae
1177 4016 1286 4056 sinatur.
1297 4029 1334 4041 -

208 4111 210 4118 ψ
287 4079 420 4149 crepidam
434 4080 565 4134 solearum
577 4099 676 4153 genus,
692 4097 745 4152 quo
760 4082 844 4135 Greci
859 4079 956 4151 pedum
969 4077 1075 4150 plantas
1086 4078 1256 4134 muniebant.
1271 4078 1334 4130 Cul-
