3052 4854
199 405 1243 441 w

338 607 614 722 VARIAE
654 601 1108 716 LECTIONES

598 865 672 942 er
697 861 855 941 roan
888 935 893 963 ,

462 1073 508 1134 ΙΝ
529 1069 721 1134 ss‘rlttstt
740 1067 994 1130 SECUNDAM.

205 1505 247 1556 Dr
259 1502 352 1556 Sarrae
364 1515 487 1556 omnent.
506 1467 703 1553 Dmomoa
724 1509 765 1550 est
783 1514 816 1549 ex
833 1497 898 1568 ipsis
915 1491 1091 1567 Philosophiae
1108 1499 1255 1567 penetrali·

205 1583 256 1635 hus
267 1581 354 1635 Satitae
365 1581 446 1653 liuJ'us
458 1593 652 1652 argumentum.
665 1575 770 1632 Scilicet
780 1576 861 1629 divini
871 1573 958 1628 cultus
967 1575 1177 1646 ignorationem,
1190 1592 1216 1632 et
1228 1582 1255 1634 in

207 1662 310 1714 orando
328 1664 438 1715 numine
454 1662 617 1733 impietatem
635 1672 681 1712 aut
698 1655 851 1724 stultitiam,
869 1657 934 1708 vitia
950 1654 1074 1708 omnibus
1093 1660 1258 1730 temporibus

207 1741 385 1814 omnibusque
395 1738 505 1814 populis
517 1742 684 1806 communia,
695 1739 853 1811 impugnare
864 1749 891 1788 et
902 1738 1034 1808 corripere
1046 1740 1102 1808 jam
1114 1741 1259 1812 antiquitus

207 1824 296 1874 conati
307 1834 368 1874 snnt
377 1824 528 1876 Graecorum
541 1818 739 1894 sapientissimi.
750 1819 789 1870 Ex
798 1815 922 1870 omnihus
932 1833 995 1868 vero
1006 1834 1063 1888 quse
1074 1834 1107 1869 ea
1117 1815 1151 1868 tle
1161 1837 1190 1870 re
1200 1838 1260 1890 gra·

206 1903 311 1954 tissima
321 1899 521 1974 disputaverant
531 1911 557 1952 et
566 1899 741 1974 Pythagoras,
751 1911 778 1949 et
786 1899 872 1962 Zeno,
883 1907 910 1948 et
917 1895 1058 1968 Epicurus,
1068 1908 1095 1949 et
1106 1899 1126 1949 si
1140 1900 1200 1970 quis
1209 1899 1261 1951 fult

208 1979 396 2034 celeberrimus
409 1983 543 2055 sapientiae
555 1981 702 2054 profertor,
713 1975 779 2030 nihil
791 1978 923 2050 reliquum
932 1976 1011 2028 nohis
1022 1977 1085 2029 fecit
1093 1989 1157 2029 etas
1165 1992 1261 2050 prester

209 2057 278 2113 duos
292 2058 409 2114 Platonis
423 2060 558 2132 dialogos:
572 2058 685 2113 alterum
698 2057 731 2110 de
743 2059 898 2124 Sanctitate,
911 2058 958 2128 qui
968 2056 1126 2129 Euthyphro
1138 2057 1262 2110 inscribi-

208 2153 266 2204 tnr;
278 2139 391 2194 alterum
402 2141 436 2193 de
445 2141 612 2206 Precatione,
620 2140 668 2210 qui
675 2137 822 2191 Alcibiades
830 2137 970 2198 secundun
982 2135 1018 2208 (si
1026 2135 1107 2188 modo
1116 2135 1263 2192 fnitl’lato-

209 2218 312 2272 nishoc
320 2239 388 2293 opus
396 2217 632 2290 hauditadipnum
643 2217 778 2288 Platone.)
787 2215 1051 2282 Graecoruminhoc,
1059 2218 1123 2267 utin
1131 2217 1187 2269 aliis
1195 2218 1263 2270 mul-

209 2301 259 2367 tia,
271 2300 440 2372 prudentiam
455 2299 506 2352 sihi
521 2300 698 2370 assumpsisse
714 2301 864 2364 Romanos,
876 2307 1034 2367 argumento
1049 2309 1111 2347 sunt
1127 2296 1264 2352 Ciceronis

211 2390 238 2430 et
251 2379 356 2432 Senecae
369 2381 424 2433 loci
436 2377 588 2451 complures
600 2389 627 2429 et
638 2375 767 2428 nonnulla
781 2377 879 2448 scripta
889 2375 1070 2428 satiricorum.
1085 2375 1187 2428 Horum
1198 2396 1263 2431 vero

212 2457 332 2508 omnium
340 2475 423 2529 quum
429 2469 569 2528 poetarum
577 2493 586 2522 ,
594 2467 650 2507 tum
661 2457 741 2507 etiam
750 2453 987 2526 Philosophorum,
998 2453 1040 2507 rel
1048 2453 1266 2526 Latinorum,vel

212 2535 379 2602 Groeeorum,
393 2532 466 2588 haud
478 2535 534 2588 scio
544 2551 580 2586 an
591 2531 662 2586 nllus
676 2531 753 2604 plura
766 2534 795 2584 in
809 2551 865 2585 rem
879 2531 987 2600 dixerit,
1001 2531 1077 2605 plura
1090 2535 1205 2607 attigerit
1216 2537 1267 2590 tlo-

212 2617 304 2668 ctrinae
317 2617 422 2687 capita,
442 2631 522 2688 quem
540 2615 639 2666 Noster
651 2613 744 2685 paucis
756 2612 895 2666 versibus?
914 2611 1020 2667 Scilicet
1038 2613 1172 2684 denudat,
1189 2619 1267 2672 sicuti

213 2693 377 2750 mundo
390 2695 491 2747 iecerat
502 2691 646 2760 Horatius,
659 2691 827 2766 hypocritas,
842 2693 889 2766 qni
898 2689 955 2746 dira
965 2693 1030 2748 deos
1043 2707 1131 2749 sancte
1141 2711 1267 2770 poscunt,-

213 2774 377 2846 stultamque
388 2791 482 2828 eorum
493 2769 561 2825 ridet
574 2772 751 2844 impietatem,
763 2775 822 2846 qni,
833 2785 864 2825 ut
873 2775 910 2826 ait
918 2773 1007 2841 Plato,
1018 2773 1118 2829 vellent
1128 2778 1268 2832 instituere

213 2853 360 2929 qnaQO
371 2873 433 2908 cum
447 2855 556 2906 numine
566 2867 759 2918 mercaturam
771 2852 843 2907 idem
857 2856 944 2926 tangit
957 2858 1152 2928 superstitiosos
1163 2861 1230 2913 ritus
1241 2875 1269 2914 et

213 2937 310 2990 inune
320 2947 382 2988 rota
391 2934 545 3002 hominnm,
558 2951 614 3006 quse
625 2935 738 2986 materia
749 2951 829 2987 causa
840 2934 891 2987 fuit
902 2933 1025 2988 iuvenali
1034 2955 1089 2988 nou
1097 2940 1176 2992 nnius
1185 2939 1271 2994 decla·

214 3015 352 3078 mationis3
363 3011 605 3066 idemcontrariam
614 3014 684 3065 rotis
693 3015 787 3080 vitam,
798 3032 879 3085 qnam
887 3015 979 3086 inepta
993 3017 1036 3083 sit,
1051 3017 1182 3082 ostendit;
1199 3017 1270 3072 idem

214 3092 373 3148 immodicas
386 3095 414 3148 in
429 3093 565 3148 sacrificiis
578 3095 728 3165 impensas,
738 3111 787 3164 pro
799 3111 909 3148 snorum
921 3094 1071 3149 Stoicorum
1082 3116 1172 3168 more,
1183 3120 1271 3174 repre·

215 3171 326 3235 hendit;
337 3171 408 3226 idem
418 3170 545 3238 Plutone,
561 3170 704 3240 etp'l'ullio,
717 3183 744 3224 et
757 3171 858 3225 Seneca
865 3172 974 3245 planitas
981 3174 1085 3229 dicitas
1095 3178 1202 3248 metius,
1214 3199 1271 3234 rem

217 3269 276 3306 esse
285 3250 470 3330 difficillimam
482 3261 559 3303 sucre
569 3249 727 3323 intelligere,
737 3264 764 3304 et
775 3269 856 3325 quam
864 3253 907 3306 vix
920 3271 1016 3326 capere
1027 3257 1114 3327 possit
1129 3257 1210 3312 homo
1229 3261 1272 3314 lu-

218 3344 278 3384 teus
287 3343 314 3384 et
325 3330 458 3394 mortalis3
470 3330 557 3400 idem,
567 3330 711 3384 Aristotele
720 3345 747 3385 et
755 3334 873 3406 Epicuro
882 3332 1056 3404 moderatior,
1065 3354 1120 3390 non
1130 3339 1217 3392 Deum
1227 3359 1273 3394 ne-

218 3423 264 3483 gat
277 3429 336 3464 esse
349 3412 459 3464 omnino
473 3408 628 3478 colendum,
640 3409 689 3464 sed
697 3409 771 3465 nulla
783 3433 812 3466 re
823 3413 918 3466 melius
927 3412 981 3466 coli
992 3433 1072 3487 posse
1084 3415 1178 3486 docet,
1192 3439 1273 3492 quam

219 3490 369 3544 viantibus.
393 3493 454 3544 lieo
466 3503 530 3544 sunt
542 3490 631 3542 omnia
643 3509 701 3562 qum
715 3492 780 3545 mihi
798 3492 994 3565 persuadeant,
1007 3495 1111 3549 nullom
1124 3495 1158 3549 de
1169 3503 1272 3568 gravis-

221 3571 286 3624 sima
304 3571 352 3624 illa
366 3569 497 3643 precandi
512 3571 628 3624 numm
640 3572 745 3624 ratione
759 3575 888 3644 seriptum
903 3573 1052 3627 absolutius
1066 3573 1101 3626 ah
1113 3579 1228 3648 antiquis
1239 3577 1274 3631 ad

221 3665 273 3700 nos
284 3652 451 3722 pervenisse,
462 3668 542 3723 qnam
551 3646 605 3701 hoc
614 3650 704 3721 ipsum
711 3653 807 3717 Persii;
818 3651 921 3705 nullum
933 3651 1008 3725 qnod
1018 3652 1052 3705 ad
1064 3653 1187 3707 sublimia
1199 3656 1274 3711 Chri-

223 3728 314 3780 stianoe
324 3730 441 3784 veritatis
451 3741 586 3804 praecepta
597 3729 710 3800 propius
721 3735 873 3785 accesserit.

258 3807 354 3860 Forma
363 3811 450 3880 operis
461 3809 523 3862 felix
532 3820 559 3862 et
568 3820 724 3880 argumento
734 3813 896 3863 conveniens
906 3823 954 3863 est.
967 3810 1102 3878 Macrino,
1114 3810 1201 3864 amico
1210 3831 1274 3890 suo,

223 3883 296 3938 diem
308 3886 426 3940 natalem
441 3901 468 3942 et
482 3891 511 3941 in
525 3887 662 3962 precando
679 3888 764 3943 Genio
777 3880 939 3943 'modestiam
950 3889 1111 3962 gratulatus,
1122 3889 1185 3942 inde
1196 3900 1277 3953 sumit

224 3967 394 4018 occasionem
403 3968 506 4022 Persius
515 3969 547 4021 de
559 3967 625 4021 votis
634 3966 790 4023 disserendi.
801 3971 896 4043 Neque
907 3969 959 4021 hoo
969 3980 1073 4020 tantum
1086 3967 1196 4022 similior
1205 3973 1277 4046 Epis-

223 4041 286 4096 tole
299 4042 357 4096 hec
370 4057 410 4096 est
420 4049 513 4114 satira,
528 4045 576 4102 sed
589 4049 649 4120 ipso
661 4065 770 4121 qnoque
783 4061 878 4102 tenore
890 4049 1094 4115 sententiarum,
1108 4047 1207 4120 quibus
1221 4073 1277 4108 non

225 4133 279 4176 tom
297 4123 416 4195 privatos
429 4127 525 4180 civium
537 4143 641 4196 mores,
658 4144 739 4197 quam
753 4141 837 4182 totam
850 4127 989 4181 hominum
1002 4128 1081 4180 vitam
1097 4140 1192 4181 auctor
1205 4131 1279 4185 inse-
