3052 4854
436 442 484 506 ιιι
509 439 721 508 serretur
745 449 951 512 purusne.
1176 439 1220 535 59

171 601 206 612 —
217 572 256 622 De
269 587 348 630 nere,-
359 567 412 620 huo
425 569 539 640 pertinet
551 563 737 637 proverbium
751 567 812 621 bilis
822 570 851 620 in
862 571 974 622 naribu.
986 600 1022 609 -
1032 573 1117 643 Hujus
1129 589 1220 624 versus

172 669 251 704 sensu
266 647 441 721 precedentis
454 663 546 698 versus
558 663 665 698 sensum
679 651 829 702 continuari
847 660 942 722 putant
954 648 1073 721 plerique
1089 653 1221 723 interpre-

171 742 228 780 tum
237 726 490 796 translatorumqne,
501 737 528 776 et
535 725 572 776 sic
579 724 726 795 explicent:
740 745 803 780 cere
814 747 848 780 ne
861 726 1008 780 excluderis
1020 727 1136 780 elimino
1148 732 1221 801 prin-

171 811 274 881 cipnm;
284 805 328 860 hie
339 807 409 858 enirn
421 803 474 875 (sc.
487 806 514 856 in
526 803 633 876 limine)
641 808 714 876 jacet
724 809 797 861 canis
809 807 937 876 hirriens,
948 809 993 880 qui
1007 821 1033 859 te
1046 825 1062 858 s
1072 807 1174 860 foribus
1185 808 1223 860 di·

172 891 267 956 vitum,
279 886 387 959 quando
397 904 444 939 eos
453 885 596 938 salutatum
605 887 692 954 venis,
703 887 792 960 ebiqet
802 891 914 942 inrisum
924 902 1036 961 propter
1046 887 1146 939 satiras.
1156 889 1221 955 Quoe

172 970 280 1021 minime
298 965 363 1018 rnibi
378 964 509 1038 probetur
519 967 711 1036 interpretatio.
724 968 834 1034 Quanto
845 967 1014 1020 verisimilior
1025 983 1132 1032 sensus,
1147 967 1168 1018 si
1181 965 1222 1016 bic

172 1051 283 1103 refertur
296 1066 352 1101 nnn
367 1045 402 1100 ad
416 1046 510 1100 limina
527 1049 672 1119 majorum,
688 1048 734 1100 sed
748 1049 782 1102 ed
794 1048 895 1102 huncce
908 1050 991 1104 Persii
1003 1050 1126 1102 satiram!
1140 1047 1222 1112 Cere,

172 1134 195 1182 si
205 1129 306 1202 placet,
319 1147 353 1180 ne
363 1125 432 1180 mule
444 1126 580 1180 mulcteris
591 1129 619 1178 in
631 1127 721 1180 limine
732 1130 898 1201 principum
911 1143 989 1182 sonet
1000 1131 1072 1183 enim
1083 1129 1111 1180 in
1121 1125 1173 1178 huc
1185 1143 1224 1178 ss-

172 1210 221 1262 tire
233 1221 279 1262 tna
290 1227 341 1260 vox
351 1209 439 1270 cenis;
450 1207 468 1258 i.
480 1225 504 1259 e.
517 1207 609 1281 cynice
622 1209 693 1260 enim
704 1207 799 1278 latres,
811 1211 853 1264 vel
864 1209 950 1262 him‘s.

206 1317 273 1368 Nor.
296 1329 354 1366 ιιο.
369 1315 419 1367 Per
433 1333 475 1366 me
490 1313 607 1388 equidem
621 1316 675 1368 siut
689 1317 779 1368 omnia
795 1317 914 1390 prutinus
932 1315 1002 1370 olba.
1017 1344 1053 1356 -
1069 1311 1223 1385 Respondet

172 1397 318 1450 edversario
330 1397 448 1462 Penius,
461 1415 511 1468 per
521 1394 590 1448 benc
604 1399 804 1450 concessionem
817 1399 960 1452 ironicam:
976 1397 1103 1470 quonium
1116 1397 1153 1447 sic
1164 1394 1224 1465 pln-

172 1489 227 1544 cet,
239 1476 389 1550 probentur
399 1479 449 1529 isto
462 1478 551 1528 onnia
562 1476 634 1529 velut
646 1476 719 1530 bone
731 1492 757 1530 et
769 1493 842 1531 reete
854 1499 903 1552 per
913 1498 956 1530 me
965 1478 1042 1544 licet,
1054 1490 1105 1529 etc.
1114 1506 1151 1517 -
1161 1476 1224 1528 Pro·

173 1557 256 1623 lietu,
271 1559 398 1627 jamjam,
415 1573 488 1606 nunc
504 1573 585 1607 nunc.
598 1585 635 1594 -
648 1554 731 1618 Albin
748 1559 817 1609 sicut
831 1560 934 1628 nigrum
953 1577 1003 1629 pro
1018 1556 1106 1622 melo,
1122 1557 1158 1607 ita
1172 1571 1222 1626 pro

172 1631 245 1688 bono
258 1633 348 1687 elbum
359 1633 434 1708 apud
445 1636 569 1706 antiquos
581 1635 798 1706 nuncupabatur.
812 1639 904 1689 Horat.
915 1639 987 1689 satir.
1003 1637 1083 1703 1,1V,
1096 1633 1131 1687 85
1138 1655 1145 1684 τ

359 1755 377 1769 ..
384 1757 389 1767 .
396 1757 401 1768 .
407 1723 442 1768 iric
449 1729 515 1782 niqer
521 1735 563 1778 est3
571 1725 630 1768 bunc
639 1732 674 1778 tu,
681 1727 790 1780 Romane,
797 1735 879 1771 cereto.

173 1800 230 1849 lloc
241 1799 329 1870 ipsum
338 1794 440 1849 ierebst
451 1796 518 1848 illud
530 1795 654 1868 adagium
664 1797 819 1871 Pytlmqore
832 1798 1033 1852 celeberrimum
1042 1795 1080 1849 :li
1089 1793 1134 1863 pir
1145 1793 1224 1852 escuir

171 1878 211 1934 rie
225 1877 328 1944 riquini
340 1875 443 1945 φύσιος,
452 1875 478 1928 li
494 1874 519 1929 ii
530 1877 605 1944 petris
619 1878 701 1931 mei.
716 1880 758 1932 Ad
771 1879 891 1933 eamdem
902 1880 975 1933 illem
988 1881 1141 1952 opinionem
1153 1897 1222 1950 supe

172 1959 267 2030 sepius
277 1957 453 2028 elluditVirg.
465 1955 568 2029 AEglog.
581 1959 619 2024 11,
634 1956 665 2011 15
675 1977 732 2030 sqq.
742 1980 749 2022 ς
761 1958 864 2012 AEneid.
877 1961 926 2026 Ill,
943 1975 1005 2022 ¹2⁰5
1019 1958 1136 2022 Persius,
1147 1957 1184 2022 ll,
1199 1973 1222 2007 r.

172 2065 208 2076 -
221 2035 253 2088 Vi
267 2038 368 2090 comica
378 2055 433 2089 non
445 2050 506 2107 eget
518 2036 562 2089 hic
574 2040 660 2090 omnis
671 2036 761 2104 locus,
777 2057 856 2110 quem
872 2039 1034 2112 posteriores
1050 2037 1153 2088 Satirici
1167 2053 1222 2086 non

173 2114 253 2168 senrel
264 2115 420 2168 retulerunt.

206 2224 275 2274 Nor.
298 2240 354 2275 ιιι.
368 2223 418 2278 Nil
432 2242 533 2286 moror,·
544 2243 621 2297 euqe,
635 2244 736 2293 omnes,
746 2244 835 2278 omnes
846 2226 909 2278 bene
918 2225 990 2277 miroe
999 2223 1070 2275 eritis
1080 2215 1225 2274 res-Nil

172 2321 272 2365 morors
284 2301 350 2356 nihil
362 2304 551 2376 impedimento
559 2323 626 2358 sum.
636 2335 673 2345 --
681 2308 769 2378 Euqe,
778 2324 878 2375 omnes,
890 2323 978 2356 omnes
981 2321 1077 2366 ;vooes
1085 2300 1156 2352 ultro
1167 2319 1222 2350 om·

173 2387 216 2436 nis
223 2383 385 2436 admirantis.
394 2413 432 2424 —
441 2385 592 2436 Benemiroe
599 2385 670 2438 eritis
677 2403 721 2438 res.
734 2385 859 2450 Monens,
870 2403 921 2437 nec
931 2396 1041 2448 temere,
1052 2384 1223 2452 interpretes,

172 2463 223 2516 bec
237 2466 315 2516 inerti
328 2464 420 2530 simul,
437 2477 464 2516 et
477 2463 559 2529 dure,
573 2477 600 2515 et
612 2467 741 2535 praecipiti
752 2463 873 2516 clausule
884 2461 1026 2515 ridiculum
1039 2457 1222 2512 adulatoribus

173 2542 357 2600 consentiendi
368 2541 509 2595 eonsilium
521 2544 604 2596 fnisse
615 2543 720 2596 felicius
732 2562 891 2615 expressum.

203 2712 265 2758 Vns.
285 2724 338 2756 us.
348 2709 398 2756 Hoc
402 2711 487 2772 juvet:
499 2707 546 2764 ἠὲ,
558 2708 646 2773 ὑηνὺ,
658 2712 837 2775 cetoquisquem
840 2709 908 2772 suxit
916 2707 1008 2756 oletum.
1018 2711 1132 2754 Veterum
1143 2705 1223 2769 glossoe

172 2782 281 2830 videntur
294 2780 406 2826 monitori
420 2780 526 2828 tribuisse
537 2778 587 2826 bec
596 2781 669 2828 verbe
678 2779 718 2828 loe
723 2783 804 2844 jmrot,
816 2779 856 2842 qui
865 2791 962 2826 monent
968 2781 1073 2826 liersinnr
1081 2777 1223 2840 respendere

172 2855 254 2904 eedem
263 2853 314 2900 brec
322 2852 393 2901 rerba
402 2849 580 2914 interpretando
589 2867 634 2914 per
643 2850 687 2909 hir,
694 2853 777 2916 etquis,
785 2860 847 2906 voto,
855 2863 900 2897 etc.
907 2876 940 2887 -
946 2853 1061 2897 Preteree
1067 2850 1091 2895 in
1099 2849 1159 2912 8072
1167 2847 1225 2908 legi-

173 2937 211 2972 tur
219 2927 340 2989 quicquum
347 2937 391 2984 pro
399 2923 531 2987 quisquam,
541 2920 764 2984 etsitxotpmfnxit.
772 2922 829 2980 Quu
835 2917 955 2980 consuent
962 2919 1119 2966 vetutioime
1126 2917 1224 2963 forsitan

172 2995 218 3042 luit
227 2995 345 3042 letinitetis
353 2991 470 3056 prosunt,
483 3004 553 3054 atque
565 2992 625 3038 adeo
636 2991 692 3038 buic
701 2991 753 3038 loco
762 2993 817 3038 setis
826 3005 966 3051 congruens.
977 2989 1047 3038 Unde
1056 2992 1089 3038 sic
1098 2988 1144 3050 legi
1155 3005 1223 3050 posse

172 3083 266 3115 venum
276 3065 402 3127 conjicies:
418 3063 459 3111 iseo
466 3065 551 3129 Juvat?
563 3063 610 3120 Ιιϊε,
622 3067 708 3130 inquis,
721 3074 771 3110 ueto
782 3065 904 3129 quicquum
911 3062 984 3125 ftmot
994 3061 1086 3109 oletum.
1102 3063 1177 3122 Quem
1189 3059 1224 3106 le·

173 3138 273 3185 edonem
281 3150 357 3199 neque
366 3134 501 3190 admittere,
509 3149 587 3196 neque
596 3133 724 3180 defendere
735 3130 817 3189 relim3
828 3147 880 3195 φη
889 3144 968 3177 umen
977 3129 1040 3178 baud
1050 3144 1081 3177 rte
1090 3133 1170 3193 inepte
1180 3141 1223 3178 est.

207 3236 276 3288 Non.
299 3252 356 3287 ιιι.
365 3233 519 3306 Hocjuoat:
532 3232 586 3299 iric,
598 3231 699 3305 inquis,
709 3244 766 3284 ueto
775 3234 914 3306 quisquam
918 3231 995 3304 faxit
1003 3229 1223 3284 oletum—lieo

173 3333 222 3388 per
233 3333 361 3367 summam
374 3315 460 3367 setirte
473 3310 621 3365 libertatem
638 3331 696 3366 esse
710 3313 797 3380 deta,
812 3315 855 3365 vix
869 3310 1035 3365 monendum
1049 3329 1156 3364 necesse
1173 3322 1222 3363 est.

173 3393 250 3447 lltnd
265 3393 371 3466 illepide
386 3405 474 3448 tamen
489 3405 558 3445 sunt.
572 3421 608 3432 -
622 3392 679 3445 Hoc
685 3396 762 3466 juvat
773 3394 935 3446 transierunt
948 3391 1055 3464 quidam
1067 3394 1224 3464 interpretes

174 3477 201 3528 in
209 3475 281 3529 hunc
293 3475 400 3529 modum
412 3498 418 3527 :
429 3474 517 3548 placet
525 3493 558 3526 ne
567 3474 616 3528 lroe
626 3494 714 3526 meum
725 3475 771 3527 tibi
777 3477 955 3549 propositum,
964 3476 1097 3529 monitor?
1104 3474 1170 3541 Qne
1181 3491 1224 3525 es-

174 3557 281 3628 plicatio
291 3558 378 3609 minus
389 3555 453 3607 mihi
464 3575 526 3608 cum
538 3555 642 3626 reliquo
652 3574 730 3607 versu
742 3555 845 3608 videtur
857 3558 1008 3608 convenire.
1021 3551 1112 3606 Malim
1124 3554 1224 3606 referre

176 3635 224 3688 boc
233 3633 267 3686 ad
276 3651 382 3688 carmen
395 3653 506 3706 pravum
520 3632 586 3686 illud
601 3633 644 3686 rel
657 3635 853 3702 Neronianum,
868 3636 909 3689 rel
924 3635 1004 3702 alius,
1020 3635 1065 3706 qui
1078 3635 1165 3686 Persio
1180 3650 1225 3684 re·

174 3712 358 3786 prehenditur,
371 3714 523 3769 defenditur
535 3734 598 3768 vero
612 3717 747 3768 monitori.
760 3743 797 3755 -
807 3716 872 3784 Hic,
886 3716 985 3770 adhoc
998 3731 1105 3768 carmen
1118 3731 1224 3765 sucrum

176 3811 283 3866 qnoque
293 3808 332 3846 est
341 3795 518 3848 referendum.
528 3825 564 3836 -
575 3796 652 3848 rasit
661 3794 773 3857 nlemm3
785 3809 861 3848 vetus
871 3809 911 3848 est
915 3795 991 3867 faxit
999 3813 1014 3846 e
1019 3793 1088 3864 sexo
1097 3793 1125 3844 in
1135 3793 1224 3863 preci-

175 3871 225 3925 bus
242 3885 321 3944 etque
339 3875 367 3926 in
387 3874 490 3945 legibus
505 3876 639 3928 usitatum.
660 3875 754 3927 Facere
769 3874 883 3937 oletum5
896 3874 993 3926 dicitnr
1004 3871 1074 3925 idem
1088 3889 1142 3924 uns
1157 3889 1224 3924 voce

175 3951 285 4014 oletum
300 3954 327 4006 in
341 3956 449 4027 entique
462 3955 531 4008 enirn
543 3956 654 4008 recurrit
665 3953 736 4026 lege,
749 3957 824 4025 cujus
837 3956 955 4006 meminit
966 3952 1119 4006 Frontinus.

210 4061 277 4111 Nor.
301 4059 358 4110 113.
377 4061 462 4134 Pinqe
471 4062 534 4114 duos
544 4081 657 4135 unques,
674 4061 767 4128 Pueri,
783 4079 855 4114 sacer
869 4071 905 4114 est
923 4059 1011 4111 locus:
1029 4065 1101 4110 extra
1115 4057 1221 4128 blesiter

176 4138 283 4192 discedo.
301 4170 334 4179 —
355 4161 367 4183 ι
376 4139 475 4192 Genios
485 4143 538 4194 sive
547 4140 669 4194 locorum
684 4142 736 4194 sire
750 4139 889 4195 bominum
903 4149 958 4190 tote
971 4135 1129 4207 antiquitas,
1140 4133 1223 4206 inpri-
