3052 4854
270 351 312 394 no
584 330 619 392 Α.
646 327 803 392 PERSll
828 328 997 392 Fulcct

268 457 353 521 Sunt
363 475 448 545 quos
461 455 692 547 Pacuviusque
705 467 739 518 et
749 476 928 522 verrucosa
940 471 1090 523 moretur

269 567 428 654 Antiopa,
444 565 629 628 «aerumnis
642 584 700 628 cor
711 558 925 628 luctificabile
937 562 1032 630 fulta.
1047 595 1060 624 i

314 677 383 740 Hos
396 674 509 765 pueris
521 673 669 738 monitus
682 688 794 762 patres
807 671 986 738 infundere
998 671 1107 764 lippos
1182 735 1186 756 ι

267 787 380 869 Quum
392 783 703 876 videas,.quaerisne
715 772 891 850 undehaec
903 799 1036 874 sartago
1048 783 1206 877 loqu'endi
1283 800 1318 853 to

267 896 406 961 Venerit
414 896 451 959 in
464 892 612 984 linguam
625 893 716 960 unde
728 893 817 960 istud
830 892 993 976 dedecus,
1006 896 1041 959 in
1054 917 1122 987 quo

267 1004 450 1072 Trossulus
463 1002 607 1070 exsultat
618 1003 679 1070 tibi
690 1027 751 1094 per
764 1001 923 1070 subsellia
934 1002 1048 1070 lteris?

268 1113 365 1182 Nilne
377 1114 498 1206 pudet,
512 1115 612 1206 capiti
625 1138 694 1180 non
707 1137 806 1205 posse
818 1113 968 1205 pericula
980 1136 1065 1204 cano

267 1224 409 1308 Pellene,
423 1227 505 1318 quin
517 1222 669 1314 tepidum
682 1224 746 1290 hoc
758 1239 853 1314 optes
865 1225 982 1292 audire
995 1229 1181 1292 necturna?
1243 1245 1246 1250 ·

267 1341 336 1402 Fur
348 1339 458 1419 es,ait
471 1334 583 1402 Pedio.
599 1333 719 1401 Pedius
732 1333 834 1428 quid?
847 1338 987 1402 crimina
1000 1340 1083 1403 rasis
1282 1351 1317 1403 85

267 1446 382 1514 Librat
393 1449 428 1528 in
440 1445 614 1515 antithetis
628 1472 634 1511 :
650 1442 766 1512 doctas
780 1448 934 1536 posuisse
946 1447 1070 1538 figuras

268 1555 460 1624 Laudatur:
476 1552 604 1622 bellum
615 1553 690 1622 hoc.
704 1559 776 1621 Hoc
788 1552 930 1622 bellum!
946 1581 989 1622 an
1001 1555 1145 1624 Romule
1157 1561 1275 1626 ceves?

268 1665 357 1735 Men'
370 1681 502 1734 moveat
513 1668 655 1760 quippe,
669 1681 844 1754 et,contet
855 1669 882 1733 si
897 1667 1099 1760 naufragus,
1112 1693 1223 1737 assem

268 1777 490 1846 Protulerim?
500 1783 637 1858 Cantas,
649 1800 755 1871 quum
768 1776 874 1843 fracta
886 1793 919 1844 te
931 1780 966 1843 in
979 1779 1073 1846 trabe
1084 1783 1213 1871 pictum

269 1893 316 1954 Ex
327 1887 470 1954 humero
481 1888 840 1978 portes.Verum,nec
851 1903 949 1953 nocte
961 1905 1118 1978 paratum
1282 1921 1316 1972 9⁰

268 2113 393 2171 vetustis
419 2088 544 2171 Pacuvii
570 2108 723 2192 operibus
740 2107 866 2191 ejusque
891 2109 1022 2191 Antiopa
1043 2113 1226 2192 (tragoedia)
1249 2133 1317 2172 ver-

267 2213 348 2272 rucis
369 2208 520 2284 deformi,
538 2221 585 2284 et,
604 2220 639 2268 ut
657 2209 700 2267 ait
718 2221 841 2284 auctor,
864 2211 1033 2270 «aerumnis
1049 2231 1103 2270 cor
1122 2209 1318 2288 luctificabile

270 2309 384 2370 fulla.»

309 2427 358 2488 79.
370 2406 447 2482 Quas
456 2403 565 2486 judicii
574 2403 783 2463 aberrationes
792 2405 845 2463 ubi
856 2403 950 2479 liunt,
961 2419 1097 2487 etquum
1107 2419 1221 2489 patres,
1232 2409 1317 2468 senio

267 2516 298 2563 et
313 2501 443 2560 stultitia
462 2501 555 2574 coeci,
573 2521 645 2559 suos
659 2514 788 2560 monent
801 2523 913 2583 pueros
927 2504 1014 2562 istius
1028 2503 1115 2563 modi
1132 2505 1245 2584 scripta
1257 2523 1318 2562 esse

270 2597 435 2670 imitanda,
456 2617 522 2656 non
538 2610 582 2656 est
598 2599 814 2678 quaerendum,
828 2598 911 2658 unde
923 2599 1097 2680 corruptela
1112 2599 1253 2680 linguam
1271 2602 1318 2658 in-

269 2696 392 2768 fecerit,
415 2693 497 2752 unde
516 2694 642 2754 invectae
658 2693 775 2754 fuerint
793 2694 946 2775 pudendae
968 2695 1109 2778 ineptiae,
1132 2696 1245 2777 quibus
1266 2693 1319 2754 de·

269 2789 387 2851 licatuli
405 2792 502 2850 nostri
522 2790 726 2852 adolescentes
743 2793 777 2849 in
796 2791 866 2850 foro
878 2805 908 2850 et
916 2789 1041 2870 judiciis
1050 2804 1210 2872 tantopere
1222 2791 1319 2852 exsul-

269 2901 386 2952 tentet
406 2889 589 2950 efferuntur.
612 2889 745 2950 Nullone
765 2889 886 2971 pudore
908 2889 1055 2964 afficeris,
1080 2891 1164 2971 quod
1186 2913 1318 2974 nequeas

270 2986 473 3070 periculuma
484 2985 583 3066 capite
595 2999 835 3061 cano,avertere,
848 2987 926 3067 quin
937 2985 1057 3046 efficere
1069 2990 1204 3062 coneris,
1221 3002 1254 3048 ut
1265 2989 1318 3047 fri·

270 3084 342 3165 gida
354 3085 413 3142 ista
423 3080 603 3140 laudatione
614 3084 713 3141 oratio
731 3095 784 3140 tua
796 3082 965 3162 excipiatur
980 3105 987 3139 :
1005 3083 1081 3142 dixit
1099 3083 1237 3144 decenter.
1257 3087 1319 3144 Fur

271 3204 318 3256 es,
336 3183 380 3240 ait
395 3190 553 3238 accusator
569 3177 674 3264 Pedio.
691 3178 775 3255 Quid
792 3178 832 3237 ad
851 3177 931 3240 hanc
948 3192 1082 3240 atrocem
1099 3179 1252 3261 injuriam·
1265 3184 1319 3241 Pe-

272 3277 361 3338 diusl
371 3278 495 3337 Crimen
508 3272 664 3353 objectum
673 3286 773 3334 versat
785 3275 819 3334 in
830 3275 987 3334 sententiis
1000 3276 1038 3336 ad
1051 3275 1227 3338 antithesim
1239 3298 1320 3337 com·

273 3378 399 3461 positis,
418 3373 623 3453 laudaturque
641 3372 726 3452 quod
747 3371 861 3454 figuras
882 3393 998 3454 ponere
1017 3377 1138 3434 noverit
1159 3377 1319 3436 oratorias.

273 3477 342 3536 Hoc
354 3471 533 3556 pulchrum,
546 3470 704 3549 inquiunt.
717 3467 801 3528 Proh
813 3468 908 3530 fidem
920 3469 1099 3532 hominum!
1112 3471 1172 3533 hoc
1183 3493 1238 3532 vos
1251 3472 1319 3554 pul·

273 3572 383 3634 chrum
398 3567 557 3649 judicatis!
576 3587 595 3627 o
612 3565 738 3625 Romuli
752 3580 893 3649 nepotes,
909 3589 985 3629 num
999 3590 1054 3630 vos
1065 3571 1193 3630 canibus
1207 3570 1320 3630 similes

273 3671 346 3732 facti
364 3668 447 3742 estis,
462 3667 517 3746 qui
532 3685 637 3745 segnes
652 3663 751 3724 cauda
766 3667 892 3726 remissa
903 3666 1128 3728 blandiuntur?
1145 3667 1263 3728 Scilicet
1279 3689 1320 3729 an

274 3767 443 3847 naufragus
455 3785 504 3823 me
515 3783 637 3822 movere
649 3763 761 3844 possit,
772 3764 826 3844 qui
836 3763 954 3824 cantet?
965 3766 1012 3824 An
1024 3764 1139 3826 efficiat
1149 3764 1225 3828 laetis
1235 3767 1319 3826 voci·

274 3865 346 3940 bus,
358 3877 393 3924 ut
407 3863 546 3922 misertus
559 3881 654 3922 assem
671 3861 698 3921 ei
716 3859 849 3943 largiar?
862 3864 1000 3924 Minime.
1022 3865 1137 3942 Porro,
1150 3878 1185 3925 tu
1198 3877 1319 3934 cantas,

275 3961 351 4027 dum
368 3961 511 4042 experiris
530 3957 746 4041 naufragium,
759 3960 975 4043 naufragiique
987 3961 1139 4046 depictam
1151 3964 1320 4042 imaginem
