3052 4854
298 443 1359 472 mmmwfflmmmfflfflmmmm

287 594 293 604 ’
423 645 728 746 anemio
755 646 841 743 nr
870 646 1232 746 cunerono

668 925 1005 1048 lucrosi
1097 1065 1103 1086 .

720 1215 937 1256 -Qooe-

303 1371 414 1480 Novo
431 1414 491 1478 boc
511 1413 673 1477 volumine
695 1426 725 1476 et
747 1411 795 1476 bis
813 1415 848 1475 Α.
869 1413 967 1474 Persii
985 1413 1106 1492 Satiris,
1128 1416 1226 1479 amice
1238 1419 1358 1494 lector,

304 1525 423 1605 integra
434 1521 601 1584 absolvitur
614 1541 724 1606 opera,
737 1540 833 1603 quam
844 1539 905 1580 nos
916 1521 1129 1582 Romanorum
1140 1520 1274 1584 Satiricis
1287 1525 1360 1584 scri·

97 1615 107 1630 ⁶
171 1692 174 1700 ,
304 1630 445 1712 ptoribus
465 1626 657 1690 adhibituros
677 1625 903 1710 pollicebamur
924 1627 959 1688 in
984 1641 1090 1699 nosne
1109 1627 1150 1688 ad
1172 1629 1358 1691 iuvenalem

303 1733 486 1817 prefatione
499 1731 627 1813 (Voll,
640 1751 711 1815 pag.
724 1732 781 1811 ix.)
799 1731 898 1793 Anxie
917 1734 1107 1811 curavimus,
1130 1753 1170 1794 ne
1185 1753 1251 1794 non
1268 1733 1358 1796 labor

300 1841 442 1922 jamtum
451 1838 508 1900 tibi
519 1837 642 1900 debitus
653 1835 891 1922 adimpleretur,
901 1837 999 1898 immo
1010 1849 1042 1898 et
1052 1837 1224 1900 contineret
1233 1835 1302 1898 baec
1315 1837 1360 1898 ul·

305 1947 380 2008 tima
388 1939 620 2030 'parsquidqnid
630 1944 783 2028 pertinere
793 1955 894 2027 potest
906 1943 945 2006 ad
955 1944 1147 2006 Satiricorum
1154 1945 1356 2006 Romanorum

305 2077 433 2142 corpus,
451 2077 551 2119 unum
566 2057 591 2118 si
609 2057 761 2142 exceperis
779 2058 959 2132 Horatium,
974 2054 1061 2140 cnjus
1074 2057 1181 2117 satiras
1196 2077 1216 2116 a
1232 2055 1357 2140 reliquis

305 2161 441 2246 ejusdem
452 2164 600 2247 operibus
613 2162 772 2246 sejungere
781 2161 870 2224 nullo
878 2162 972 2223 modo
985 2163 1082 2224 licuit

342 2271 444 2354 Ergo,
460 2271 539 2332 sicut
550 2283 654 2331 actum
665 2270 727 2332 fuit
737 2289 809 2330 cum
820 2269 985 2346 iuvenale,
1001 2268 1131 2352 reperies
1144 2269 1180 2328 in
1193 2269 1298 2329 Persio
1311 2269 1357 2330 la·

302 2376 403 2436 tinem
426 2375 563 2436 numeris
586 2374 694 2436 solutis
720 2374 1025 2454 interpretationem,
1048 2371 1179 2453 singulis
1201 2374 1356 2457 premissa

303 2480 403 2554 satiris
422 2489 623 2559 argumenta3
643 2480 677 2538 in
696 2475 760 2537 fine
780 2479 880 2536 satirae
896 2472 1044 2558 cujusque
1063 2477 1172 2537 Varias
1192 2477 1355 2559 lectiones,

304 2583 512 2662 imitationes,
538 2597 688 2663 notasque
713 2601 808 2643 omne
832 2601 928 2664 genus
952 2603 1029 2665 quas
1052 2602 1172 2644 summa
1196 2603 1270 2646 cura
1292 2586 1353 2648 ela·

303 2689 424 2751 boratas
455 2689 597 2750 amicitie
631 2701 743 2749 nostrae
774 2687 921 2770 impertiit
950 2689 998 2749 vir
1025 2688 1183 2769 ingeniose
1214 2690 1353 2756 eruditus

302 2797 338 2856 A,
354 2797 518 2874 Peraean,
547 2796 581 2856 in
598 2794 693 2877 Regio
716 2795 819 2856 Sancti
843 2793 995 2857 Ludovici
1020 2795 1158 2878 Collegio
1176 2795 1352 2861 Rhetorices

185 2915 194 2940 ¹
304 2899 468 2964 Professor.
496 2901 559 2980 Qui
581 2921 680 2986 quum
704 2919 784 2986 sepe
808 2901 1005 2984 multumque
1021 2901 1148 2966 adversa
1173 2903 1351 2968 valetudine

303 3009 522 3094 impediretur,
542 3030 610 3072 non
629 3008 747 3070 destitit
766 3019 872 3070 tamen
888 3029 908 3070 a
925 3021 1065 3093 suscepto
1092 3031 1166 3092 erga
1185 3032 1235 3072 me
1255 3011 1350 3073 bonae
1423 3017 1425 3022 '

303 3111 471 3176 voluntatis
482 3107 603 3190 officio,
623 3113 702 3197 quin
715 3110 859 3174 ultimam
876 3133 1006 3174 manum
1020 3111 1139 3174 ultimas
1150 3115 1249 3177 satire
1267 3117 1350 3177 notis

303 3219 473 3302 imponeret
489 3239 497 3278 t
511 3238 575 3301 qno
587 3216 657 3301 jure
672 3230 771 3278 totam
785 3215 879 3299 hujus
892 3215 1059 3279 voluminis
1078 3220 1208 3300 gratiam
1221 3217 1261 3280 ad
1277 3241 1350 3282 enm

252 3323 253 3328 ’
303 3321 410 3382 referri
428 3341 553 3405 equum
573 3341 689 3382 censeo.

342 3429 438 3490 Persii
454 3430 559 3492 satiras
575 3439 745 3511 sequnntur
760 3426 865 3489 Lucilii
877 3427 1051 3512 fragmenta
1064 3441 1094 3490 et
1106 3443 1263 3505 centones3
1281 3451 1351 3492 mu·

303 3531 357 3595 tila
372 3533 498 3618 quidem
511 3545 542 3596 et
555 3534 730 3597 claudicans
749 3536 950 3620 compositio,
964 3537 1008 3596 ita
1026 3549 1130 3596 tamen
1150 3551 1186 3598 ut
1205 3558 1271 3600 non
1289 3537 1350 3600 vile

303 3643 548 3726 spernendumve
564 3643 672 3705 debeat
690 3663 792 3728 operas
812 3644 947 3726 pretium
966 3664 1043 3720 esse,
1062 3644 1087 3705 si
1105 3645 1175 3726 quis
1188 3643 1296 3706 fulcire
1314 3667 1349 3708 ac

304 3751 446 3812 msarcire
463 3749 531 3812 illas
548 3750 654 3811 urinas
671 3747 766 3812 fuerit
785 3771 949 3834 aggressus.
969 3750 1089 3830 Quibus
1107 3749 1228 3811 auxiliis
1244 3764 1275 3812 et
1288 3774 1350 3836 qua

267 3871 273 3886 ·
305 3867 406 3915 mente
416 3853 450 3916 id
458 3857 694 3940 susceperimus,
710 3854 821 3918 videsis
833 3859 867 3918 in
879 3856 1031 3941 prooemio
1047 3855 1086 3917 ad
1099 3855 1183 3918 bunc
1191 3871 1349 3920 auctorem

304 3955 415 4036 (inira,
427 3979 497 4042 pag.
512 3963 591 4043 ²9¹)-

344 4064 540 4129 Satiricorum
562 4069 671 4130 seriem
694 4069 809 4132 claudit
831 4067 968 4153 Sulpicio
989 4070 1098 4142 satira,
1124 4067 1299 4129 animosum
1320 4087 1350 4132 et
