3056 4856
298 415 341 502 96
473 413 628 478 vtulffi
651 413 925 480 LEGTIONES
949 415 1010 478 ET
1034 413 1171 482 NOTAE

296 539 378 586 bonna.
391 538 479 601 Sepias
491 539 560 586 etiam
572 539 672 585 recurrit
684 539 709 584 in
723 539 863 585 membranis
878 541 901 585 in
915 543 993 596 territe
1006 539 1047 586 ted
1058 541 1121 602 apud
1133 541 1295 600 Lactantium,
1312 549 1358 608 qui

296 609 337 658 lib.
348 613 371 670 l,
386 627 436 675 cap.
451 627 477 666 a,
491 609 533 666 13,
544 608 621 656 locum
632 609 713 658 retulit
724 611 844 674 iuriutque
856 623 1025 658 commentitus
1037 625 1084 670 eat,
1097 611 1174 676 legere
1187 625 1221 660 eat
1231 617 1255 659 in
1267 625 1356 662 ter-mr.

332 722 399 772 um.
419 719 462 771 6t.
480 719 503 770 0
519 734 603 770 curate
623 718 651 770 in
669 729 747 770 terras
762 720 861 771 anima
875 729 902 771 et
919 718 1060 772 caelestium
1080 721 1231 772 inonetl-
1245 721 1357 785 come,-

297 815 403 870 pronae,
415 796 642 872 quemadmodum
654 798 727 872 apud
740 799 816 852 ovid.
830 802 938 852 Metam.
951 802 979 866 l,
991 799 1025 866 84
1036 818 1110 873 eqq.:

498 897 616 952 Pronaque
623 909 694 950 quum
701 907 800 954 spectent
807 897 909 941 animalia
917 906 993 941 cetera
1002 905 1098 946 terram

499 965 527 1004 Os
537 961 622 1003 homini
631 961 725 1004 sublime
734 963 793 1006 dedit
801 997 807 1014 ,
817 963 937 1020 celumque
946 964 1003 1007 tueri

498 1027 577 1078 iuuit,
588 1037 609 1070 et
618 1035 700 1070 erector
708 1029 736 1070 ad
747 1029 817 1072 sidera
827 1029 900 1072 tollere
910 1029 990 1074 vultur.

297 1113 346 1164 llic
360 1129 423 1162 vero
438 1111 560 1162 satiricus
578 1107 657 1180 longe
675 1109 751 1162 aliter
769 1109 858 1164 iacere
874 1111 1012 1165 homiuem
1027 1112 1188 1184 indignatur,
1206 1133 1238 1168 ao
1253 1131 1356 1172 natura

289 1193 413 1264 jusserit,
426 1193 601 1262 ignarumque
613 1201 713 1241 naturae
725 1188 837 1242 deorum
849 1191 915 1244 nihil
927 1191 998 1244 ultra
1009 1209 1050 1244 rea
1063 1207 1179 1248 terrenas
1191 1210 1323 1268 spectare.

330 1389 392 1431 Vn.
409 1385 447 1431 Ga.
460 1381 640 1448 Quidjuvatlrot
648 1383 737 1447 templis
745 1393 833 1431 nostros
842 1387 960 1432 irruerittere
967 1389 1355 1451 morea-LeguntCataubonut,

299 1471 324 1506 et
336 1461 421 1519 lioenifl
435 1456 520 1520 aliique
535 1457 585 1503 iere
603 1470 683 1503 omnet
698 1455 801 1504 editoret
815 1457 871 1514 ltoc,·
885 1475 929 1521 ego
942 1476 999 1508 vero
1017 1461 1107 1524 pretuli
1124 1462 1163 1509 hos
1177 1464 1278 1527 quadiu
1292 1469 1355 1512 nteit

299 1531 416 1579 nonnullit
428 1531 502 1577 lillis.
516 1531 628 1586 recurrit,
641 1529 751 1594 quodque
763 1529 910 1594 elegantiorit
922 1533 1014 1580 ridetur
1026 1549 1076 1582 ette
1088 1537 1224 1584 latinitatit.

335 1653 403 1703 Nor.
418 1651 461 1702 62.
475 1650 546 1720 Quid
544 1651 625 1721 javat
635 1648 680 1700 lrot
690 1649 793 1722 templis
803 1665 901 1705 nostroe
910 1652 1049 1704 immittere
1058 1671 1148 1706 mores.
1156 1683 1192 1694 -
1201 1653 1271 1724 Quid
1275 1655 1355 1724 javat

299 1733 452 1793 immittere,·
469 1748 546 1800 quem
564 1727 669 1781 tandem
687 1729 720 1780 ad
738 1731 817 1782 linem
833 1733 1110 1799 immuniti-Hos,
1125 1747 1281 1804 praenotat,
1295 1753 1354 1805 pn·

300 1811 411 1864 dendus.
419 1841 454 1852 -
463 1809 578 1880 Templis
593 1810 733 1862 immittere
744 1829 838 1874 moret,
857 1811 962 1864 felicior
973 1812 1057 1884 ligura
1073 1832 1122 1886 pro
1139 1813 1173 1866 ad
1185 1813 1250 1866 deor
1264 1827 1354 1866 trane-

302 1893 379 1946 ierre.
395 1891 470 1944 Plato
483 1891 510 1940 in
523 1887 651 1962 Eutyphr.
665 1903 729 1941 torn.
743 1891 770 1956 l,
783 1908 843 1962 pag.
855 1893 903 1958 33,
916 1891 965 1944 Ed.
978 1894 1100 1964 Bipont:
1114 1890 1201 1961 θρίω
1216 1891 1243 1946 ui
1250 1913 1304 1958 μοι,
1316 1893 1354 1948 'rit

300 1971 313 2025 i
326 1969 430 2038 rioittut
439 1969 487 2024 etit
497 1968 553 2023 ittie
564 1963 624 2019 aira
635 1966 685 2021 riri
700 1967 745 2022 «ὃν
758 1968 833 2038 dripere
844 1965 872 2025 tir
886 1973 943 2042 περ’
957 1971 1019 2038 intr
1034 1971 1235 2039 nativatem
1244 1963 1288 2040 pir
1302 1973 1354 2043 peip

300 2052 392 2107 tilla·
404 2047 478 2104 remi
487 2047 562 2104 itaer.
575 2046 650 2102 Oriiir
662 2046 708 2117 γάρ
721 2048 782 2103 irru
794 2048 845 2115 ι’μῖν
857 2039 951 2118 ripariir
964 2049 988 2114 i',
999 2073 1023 2105 rr
1036 2051 1105 2118 cirici
1117 2053 1195 2107 irritor
1206 2057 1284 2108 ὅση·
1297 2053 1315 2107 ἃ
1326 2054 1354 2108 ii

301 2133 357 2204 rap*
365 2131 426 2198 ipiir
434 2125 592 2197 amicitiam,
600 2128 625 2180 ai
632 2127 785 2193 &piurima
793 2151 804 2175 ι
812 2131 856 2182 dic
865 2131 928 2184 milti
936 2135 1059 2204 quianam
1067 2137 1101 2186 ait
1107 2133 1155 2187 diis
1163 2153 1253 2187 eurum
1262 2153 1352 2186 renim

301 2232 382 2279 usus,
394 2230 460 2283 quaa
472 2208 576 2263 anobis
593 2208 665 2261 dono
682 2211 836 2282 accipiant?
849 2213 918 2265 Nam
934 2232 992 2284 quae
1009 2216 1059 2286 ipsi
1075 2214 1234 2286 largiantur,
1250 2214 1352 2288 ubique

301 2292 441 2367 propalam
454 2304 525 2344 aunt.
539 2288 650 2341 Nullum
662 2302 702 2342 est
713 2293 782 2342 enim
794 2291 873 2343 nobit
886 2291 1000 2360 bonum,
1013 2293 1086 2363 quod
1098 2293 1131 2346 ab
1143 2297 1206 2366 ipsis
1218 2314 1272 2348 non
1285 2299 1354 2348 acci-

301 2378 420 2447 piamun
433 2373 465 2425 iia
477 2389 541 2424 vero
552 2389 610 2443 quaa
623 2387 640 2421 a
651 2369 730 2422 uobis
741 2389 882 2443 accepere,
895 2391 948 2443 quo
961 2372 1042 2424 modo
1055 2373 1162 2426 tandem
1173 2376 1317 2427 utuntur?-

336 2495 404 2545 Nor.
424 2491 467 2544 63.
487 2490 523 2542 ur
539 2489 606 2542 bono
621 2485 661 2542 dtr
675 2508 707 2544 ex
723 2488 772 2542 lmc
786 2489 908 2543 scelerata
921 2489 1013 2543 ducere
1026 2491 1119 2564 pulpa.
1131 2522 1167 2532 -
1178 2495 1214 2545 Et
1230 2475 1297 2545 tina
1311 2492 1352 2546 dit

301 2572 408 2630 duceret
419 2567 539 2641 judicare
555 2588 611 2643 quar
621 2568 672 2622 diis
684 2584 757 2639 grata
771 2571 822 2622 sint
834 2585 860 2622 et
872 2569 953 2623 utilia.
961 2600 998 2611 -
1005 2571 1046 2623 Ex
1058 2572 1107 2624 tac
1117 2571 1240 2625 scelerata
1250 2571 1351 2646 pulpa,-

302 2669 334 2703 οι
345 2663 436 2702 nostro
447 2667 526 2701 tonsu
538 2662 663 2719 corrupto
674 2668 704 2700 ac
714 2649 872 2720 depravatu,
885 2651 921 2702 ito
936 2665 979 2717 ut,
992 2651 1215 2722 quemadmodum
1228 2671 1276 2704 nos
1290 2671 1352 2704 cor-
1394 2667 1397 2672 '

302 2730 375 2800 rupti
387 2730 529 2780 sentiamua
539 2764 547 2791 ,
559 2729 597 2780 ita
606 2726 671 2780 deos
683 2731 781 2781 sentire
790 2728 909 2782 velimus.
921 2729 1023 2802 Palpo,
1035 2734 1142 2802 proprie
1151 2750 1212 2784 caro
1223 2751 1352 2800 uvarum,

302 2813 452 2874 fructuum,
470 2806 612 2871 arborum,
631 2809 717 2861 omnia
731 2827 793 2860 caro
811 2811 867 2860 sine
882 2810 995 2862 ossibus.
1011 2813 1059 2862 llic
1077 2831 1126 2882 pro
1139 2813 1212 2864 omni
1222 2830 1352 2885 corpore,

301 2888 344 2942 rel
359 2890 437 2940 etiam
451 2905 502 2958 pro
514 2886 624 2938 mollitie
639 2905 670 2939 ac
685 2887 749 2939 luxu
761 2907 815 2958 quo
827 2888 971 2960 diffluimue
989 2893 1132 2962 accipitur;
1149 2891 1227 2962 plane
1242 2895 1308 2944 sicut
1323 2895 1351 2945 in

302 2969 383 3022 raeda
397 2965 470 3018 libris
484 2983 542 3019 caro
555 2965 623 3018 solet
635 2968 708 3038 poni.
721 2967 866 3033 Scelerata,
880 2970 941 3039 quia
954 2974 1058 3042 corpori
1072 2992 1120 3045 per
1134 2972 1232 3044 flagitia
1246 2991 1351 3040 acacc-

302 3050 357 3102 lera
368 3045 530 3118 voluptuarii
542 3046 685 3116 gratificari
696 3045 791 3098 uolent.

337 3164 406 3216 Nor.
425 3160 469 3227 64.
490 3161 554 3212 Hoec
571 3161 620 3213 tibi
635 3173 754 3233 compto
768 3163 864 3215 casiam
880 3164 998 3218 dittoiait
1013 3165 1090 3221 oliuo.
1105 3198 1140 3208 -
1155 3169 1212 3219 Hoc
1225 3186 1302 3220 versu
1321 3187 1352 3220 nc

303 3255 404 3315 reptem
418 3239 590 3312 sequentibus
605 3254 745 3312 comparat
758 3243 827 3294 inter
837 3261 865 3294 se
875 3243 1019 3313 luxuriam,
1034 3265 1092 3318 quie
1106 3246 1139 3299 ab
1153 3245 1305 3300 hominibus
1325 3249 1352 3298 in

303 3323 398 3376 habitu
418 3323 546 3392 cultuque
566 3324 686 3392 corporis
705 3335 862 3394 usurpatur,
882 3343 942 3376 curn
959 3325 1003 3377 illa
1020 3345 1078 3398 quae
1094 3329 1121 3378 in
1139 3326 1213 3378 cultu
1231 3325 1351 3378 deorum.

303 3405 449 3474 Utramque
460 3401 616 3472 pronuntiat
628 3417 685 3451 esee
697 3403 836 3462 vitiosam
852 3405 940 3473 majua
953 3415 1041 3455 tamen
1058 3406 1114 3474 ejua
1126 3405 1218 3455 vitium
1230 3418 1286 3468 ett,
1299 3421 1353 3474 qua

303 3501 345 3536 res
358 3483 488 3554 pretiosas
502 3478 552 3532 diis
566 3479 728 3547 offeramus,
746 3481 843 3553 quibus
860 3501 946 3555 neque
962 3483 1113 3554 indigeant,
1130 3502 1217 3554 neque
1234 3495 1352 3548 utantur,

303 3567 342 3616 uti
358 3581 407 3615 nos
423 3559 686 3623 mortalem-Hom
701 3560 785 3633 pulpa
802 3562 901 3615 scilicet
916 3577 961 3615 aut
975 3563 1107 3630 luxuries,
1123 3565 1199 3635 cujus
1216 3577 1353 3616 enumerat

304 3656 420 3716 quatuor
431 3639 518 3694 studia
529 3639 632 3703 inania,
644 3652 674 3690 ut
686 3654 814 3712 appareat
827 3645 924 3712 exejus
933 3642 1036 3714 judicio
1048 3641 1114 3694 nihil
1127 3661 1184 3695 esse
1195 3642 1230 3694 de
1242 3640 1291 3694 diis
1303 3655 1354 3693 sta·

303 3723 449 3778 tuendum:
464 3721 489 3774 1⁶
497 3732 648 3791 unguenta,
661 3739 718 3792 quae
729 3721 850 3793 intelligit
862 3743 911 3794 pro
922 3725 990 3776 cotia
1000 3722 1057 3776 oleo
1067 3723 1205 3785 dissoluta5
1219 3725 1245 3775 2⁰
1255 3739 1354 3795 purpu-

304 3821 433 3876 ram,pro
441 3798 535 3853 vellem
542 3799 665 3865 calabro,
674 3801 721 3871 qui
730 3803 828 3854 murice
836 3802 951 3869 vitiatur,
958 3802 985 3853 id
994 3816 1047 3866 est,
1058 3804 1179 3871 tingitor;
1188 3802 1352 3874 3⁰gemmat,

304 3902 354 3954 pro
363 3882 444 3934 baccis
454 3877 673 3940 concdoeobrasit5
686 3878 714 3947 4⁰
723 3897 833 3946 aurum,
844 3899 894 3952 pro
904 3881 1020 3934 strictura
1031 3897 1102 3931 vente
1111 3881 1142 3932 de
1150 3881 1229 3935 cnido
1236 3879 1351 3952 pulvere.

304 3993 338 4004 -
348 3965 450 4016 castam
461 3961 508 4016 silai
519 3960 635 4014 dissoluit
646 3961 724 4014 oliuo.
738 3966 894 4034 Unguenta,
907 3961 1053 4016 secundum
1064 3963 1194 4030 Plinium,
1211 3964 1275 4015 Hiat.
1289 3962 1351 4012 Nat.

304 4043 380 4108 XIII,
395 4055 458 4094 tect.
475 4057 498 4106 r,
514 4039 673 4094 constabant
688 4059 718 4093 ct
733 4039 861 4094 odoribus
876 4043 943 4092 tritis
959 4037 1016 4092 oleo
1033 4039 1145 4091 admitto
1162 4054 1189 4092 ct
1204 4042 1289 4092 resina
1306 4053 1353 4090 aut

305 4121 421 4188 gummi,
439 4133 469 4170 ut
484 4119 582 4172 diutius
599 4119 667 4174 bene
684 4120 801 4184 olerent;
819 4119 917 4173 coloris
933 4119 1033 4189 gratia,
1051 4118 1183 4172 interdum
1202 4116 1354 4171 cinnabaris
