3052 4854
477 443 527 506 tu
551 440 990 508 0100000001010.
1212 450 1250 527 41

207 565 270 614 bunc
280 581 373 613 versum
385 564 460 612 codex
473 567 605 628 bongarsii,
615 579 674 614 teste
684 567 836 622 000001100ος
849 565 938 614 hebent
951 582 1032 614 omnes
1041 582 1101 630 quos
1108 568 1220 626 vidimus,
1230 585 1257 616 00

207 656 252 702 per
264 656 288 686 se
300 637 422 684 laudabilis
435 650 477 685 est.

244 728 311 777 Nor.
332 725 376 792 46.
391 725 518 794 (Quando
535 724 589 778 brec
605 745 664 778 reru
681 725 736 778 auis
752 726 817 797 est,)
832 725 854 778 si
869 727 935 797 quid
950 737 1037 778 tamen
1053 728 1138 797 aptius
1152 729 1212 780 exit.
1222 759 1258 770 -··

208 805 345 857 Modestia·
355 823 442 857 voces.
457 835 493 845 -
503 806 572 857 Rara
582 807 650 872 avis,
664 808 760 858 usitata
773 805 888 871 locutio,
901 804 936 857 ad
945 803 1138 893 designandum
1148 806 1175 857 id
1186 807 1258 878 quod

207 903 267 937 raro
280 887 389 954 contigit
400 884 495 937 videre.
508 885 628 937 Juvenal.
639 886 688 952 Vl,
704 885 766 951 164;

416 975 476 1015 flora
484 975 531 1016 auis
539 973 561 1016 in
569 974 644 1026 terris,
654 973 762 1030 nigroque
770 971 882 1016 simillima
890 973 969 1031 cycno!

242 1058 309 1110 Nor.
330 1061 372 1128 47.
384 1057 499 1109 Laudari
509 1069 624 1109 metuam
630 1080 640 1120 ,·
653 1058 819 1130 nequeenim
832 1057 899 1110 milti
912 1043 1006 1110 corneo
1013 1055 1084 1129 filtra
1096 1067 1141 1108 est.
1151 1085 1187 1096 -
1199 1055 1258 1108 Me-

207 1148 279 1188 tuam
289 1139 383 1190 fortius
395 1156 476 1209 quam
488 1156 615 1192 recusem.
632 1169 667 1179 -
686 1136 875 1211 Corneafibro,
888 1141 905 1191 i.
920 1157 943 1190 e.
959 1155 1051 1190 sensus
1064 1136 1189 1201 obtusus,
1201 1150 1257 1188 stu·

206 1215 298 1288 pidus‚
310 1219 357 1288 qui
369 1216 442 1269 nulla
450 1236 478 1269 re
493 1230 638 1270 moveatur.
648 1247 685 1259 -
694 1217 796 1270 libram
809 1216 853 1268 bic
866 1236 914 1290 per
925 1237 971 1268 cor
983 1235 1074 1270 amites
1085 1218 1167 1269 ferme
1177 1219 1258 1267 inter·

206 1309 355 1366 pretsotur3
366 1314 414 1348 cur
423 1299 458 1347 ita
468 1297 566 1348 faciant
575 1317 631 1349 non
639 1297 727 1349 video.
736 1297 819 1348 mre
829 1301 900 1350 euim
909 1311 970 1350 sunt
981 1315 1073 1351 sensus
1084 1299 1256 1348 instrumenta

204 1377 231 1425 in
241 1375 365 1427 omnibus
372 1378 493 1447 corporis
502 1376 622 1449 pertibus
629 1396 704 1449 aeque
711 1375 837 1449 dispersa.
847 1380 903 1432 Nisi
914 1380 983 1430 forte
992 1380 1028 1431 sio
1036 1376 1214 1448 explicuerint
1224 1394 1256 1427 ex

204 1452 257 1507 ltoc
266 1474 358 1522 versu,
367 1458 400 1522 V,
413 1474 458 1525 295
595 1511 596 1514 ,

406 1537 468 1595 Quod
476 1535 528 1580 latet
535 1551 613 1582 000000
621 1551 666 1580 non
674 1537 795 1581 enarrabile
796 1537 867 1594 fibro.

203 1612 232 1661 ln
247 1629 302 1680 quo
309 1608 380 1682 fibra
396 1614 505 1682 ponitur
521 1631 569 1684 pro
585 1611 674 1664 corde.
689 1641 725 1651 -·
742 1615 840 1666 Cornea
848 1637 859 1675 ,·
870 1611 976 1666 videtur
994 1633 1024 1665 ea
1040 1632 1054 1665 e
1071 1631 1156 1665 cornu
1173 1611 1253 1664 ducta

204 1691 359 1763 metaphora
376 1691 448 1764 apud
464 1693 589 1762 antiquos
601 1693 683 1744 fuisse
695 1694 825 1745 usitatior.
842 1691 980 1745 Catullus:
998 1709 1134 1762 «corpore
1144 1692 1254 1743 sicciore

203 1789 294 1822 cornu.
306 1794 317 1818 ι
331 1774 382 1825 Dio
396 1770 529 1845 Chrysost.
545 1772 699 1840 00000010
708 1771 742 1824 eal
753 1770 867 1842 Cslqepe.
878 1803 913 1824 -ι-
923 1775 1030 1824 llomer.

419 1858 553 1923 Οφθσιλμὸι
563 1859 586 1906 δ’
597 1856 649 1908 desi
657 1859 712 1914 0100
719 1857 822 1910 lacerer
832 1895 840 1919 ,
849 1857 872 1910 til
882 1859 973 1924 ridltpot.

202 1940 273 2006 Quin
286 1941 364 1992 etiam
375 1941 402 1991 in
414 1959 535 1993 sennone
546 1959 651 1995 romeos
664 1945 754 1995 Romu
765 1941 899 1995 vocabant
912 1937 965 1996 eois
978 1938 1080 1994 irredsie
1092 1953 1119 1991 et
1129 1937 1253 1990 humanis

202 2019 343 2072 affectibus
357 2036 485 2074 carentes.

236 2117 304 2168 Nor.
324 2117 368 2183 48.
381 2117 432 2170 Sed
446 2118 508 2172 rectt'
513 2116 652 2191 finemque
661 2132 859 2195 extremumque
871 2139 923 2174 esse
937 2137 1034 2172 recuso.
1046 2149 1082 2158 -
1096 2117 1166 2169 Finis
1178 2117 1252 2182 recti,

201 2193 296 2250 limites
307 2199 377 2251 intre
392 2217 459 2270 quos
474 2213 574 2252 rectum
588 2204 753 2264 continetur;
767 2215 837 2255 meta
850 2201 883 2253 ad
899 2220 979 2272 quam
992 2199 1101 2251 tendere
1115 2196 1251 2249 debemus.

201 2277 242 2328 Sic
255 2279 281 2329 in
293 2297 379 2349 graeco
395 2276 519 2335 01100-
529 2280 683 2334 Extremum
698 2284 807 2333 omnino
824 2300 938 2352 graecum
951 2279 979 2330 ei
997 2279 1109 2342 lexeru,
1126 2288 1254 2329 mmm

201 2361 337 2412 terminus.
348 2363 410 2412 1100
423 2363 511 2412 omnia
523 2379 540 2411 u
551 2360 636 2412 stadio
646 2359 688 2412 vel
700 2360 832 2412 curriculo
842 2359 965 2412 videntur
974 2357 1109 2410 translate.

238 2453 307 2505 Nor.
326 2455 370 2522 49.
385 2457 460 2506 Eoos
471 2465 547 2505 tuum
561 2468 586 2508 et
598 2473 687 2518 asson
702 2475 764 2507 nam
778 2474 853 2508 orsus
866 2457 915 2508 boc
925 2466 1016 2507 000000
1027 2464 1120 2505 totum.
1133 2455 1253 2504 -Eoos

201 2545 228 2584 et
237 2549 329 2598 00000,
338 2551 419 2585 voces
428 2533 591 2588 laudantium
601 2555 651 2607 pro
662 2535 786 2590 leudibus
795 2540 867 2608 ipsis.
878 2537 919 2590 stc
928 2539 1020 2588 Horat.
1030 2536 1056 2586 in
1064 2535 1127 2586 Arte
1135 2533 1186 2600 408
1195 2551 1251 2604 sqq.

200 2640 237 2652 --
249 2613 352 2665 Excute
363 2622 460 2680 totum,
476 2613 583 2685 explora
597 2614 756 2688 diligentius.
776 2617 905 2670 Excutere
915 2615 995 2686 vulgo
1011 2616 1040 2666 in
1057 2612 1128 2666 bunc
1145 2630 1250 2666 sensum

202 2707 354 2764 usurpetur.

231 2871 292 2916 Vsu.
311 2871 348 2916 50.
361 2871 414 2916 Non
424 2869 459 2916 liic
470 2879 506 2916 est
514 2869 568 2917 llt'as
578 2873 636 2918 Aes.
648 2897 679 2909 ·-
689 2872 783 2918 llebent
793 2873 852 2918 Acci
859 2870 929 2918 codd.
939 2871 1000 2931 ⁸⁰7⁰
1010 2879 1033 2914 et
1042 2869 1112 2930 8⁰72.
1121 2887 1155 2903 -
1166 2869 1249 2913 Utrum

199 2939 332 3002 eligendum
343 2941 373 2988 sit
384 2940 448 2988 haud
459 2940 526 2988 100110
536 2941 656 2999 dicemus,
666 2960 738 3007 quum
749 2943 806 2989 nibil
815 2943 844 2990 de
857 2941 918 2990 malo
930 2943 976 2990 isto
987 2953 1056 3002 poeto
1069 2939 1167 2986 sciamus
1181 2953 1249 3002 quam

199 3025 241 3070 per
253 3013 301 3073 ipsa
310 3009 360 3056 baec
372 3011 444 3058 Persii
454 3011 526 3057 verbs
539 3011 674 3076 scholisque
688 3013 843 3075 interpretum
859 3024 977 3067 vetemm,
990 3008 1075 3073 quihus
1088 3007 1173 3054 dieitur
1187 3009 1249 3055 idem

199 3081 269 3128 luisse
279 3083 369 3138 Attius,
377 3098 405 3128 00
414 3079 454 3129 1110
462 3099 532 3147 supra
543 3099 685 3133 memoratus
696 3084 781 3141 labeo,
792 3102 815 3130 v.
826 3083 850 3141 d.

234 3171 302 3222 Noa.
323 3171 365 3225 50.
380 3171 449 3242 Quid
458 3191 511 3226 nort
522 3173 592 3226 lutus
601 3172 693 3226 babet?
702 3174 764 3225 Non
773 3172 816 3225 bic
823 3184 859 3226 est
868 3168 997 3224 IliasArtt
1003 3169 1083 3221 Ebria
1091 3171 1249 3220 veratro?-

197 3250 272 3304 Intro
278 3252 400 3302 convenit
408 3267 468 3302 cum
477 3263 581 3312 00001ος
592 3254 629 3304 sio
638 3255 707 3304 enim
714 3251 871 3323 metaphora
879 3253 1057 3302 continuatur.
1066 3279 1101 3289 -
1110 3247 1174 3300 llius
1183 3245 1247 3300 Atti.

198 3330 373 3382 Transtulisse
386 3329 494 3382 lliadem
503 3333 612 3384 Homeri
624 3331 728 3384 videtur
741 3334 790 3384 iste
801 3332 905 3396 Attius,
918 3346 944 3382 et
958 3329 1064 3402 quidem
1077 3329 1247 3400 ineptissime.

199 3411 261 3479 EJ'us
275 3428 379 3463 versum
389 3409 460 3461 bunc
471 3424 621 3463 memorent
631 3409 795 3464 scholiastae:
813 3435 824 3458 ι
834 3410 951 3464 Crudum
960 3410 1105 3461 manduces
1117 3409 1249 3460 Pn'amum

199 3487 346 3562 Priamique
357 3490 496 3560 pislnnos·
512 3493 557 3561 qui
566 3489 671 3542 videtur
680 3491 757 3542 fictus
769 3490 803 3543 atl
813 3491 962 3562 exemplum
976 3491 1107 3561 nequitiae.
1120 3518 1156 3528 -
1169 3487 1248 3539 Ebrio

200 3581 306 3622 ueratro·
320 3569 347 3622 V
344 3579 458 3620 eratmm
473 3584 511 3623 est
523 3571 629 3640 nigrum
645 3569 821 3622 helleborum.
833 3571 916 3622 Porro
929 3571 1026 3621 scimus
1042 3587 1072 3620 ex
1086 3569 1117 3618 H.
1132 3569 1165 3619 N.
1180 3566 1246 3617 Plin.

199 3650 258 3718 maj.
269 3647 355 3713 XXV,
372 3663 418 3711 21,
432 3649 537 3717 nigrum
549 3647 729 3716 helleborum,
739 3647 854 3702 candido
864 3647 1060 3712 vehementius,
1076 3649 1102 3696 in
1120 3645 1247 3697 llelicone

200 3739 288 3778 monte
299 3729 466 3798 provenisse3
481 3741 508 3780 et
519 3727 662 3800 plerosque
674 3747 706 3780 eo
722 3732 760 3781 uti
773 3727 865 3780 solitos
880 3747 952 3791 esse,
965 3727 1011 3798 qui
1026 3725 1176 3788 studerent,
1193 3743 1246 3794 quo

199 3805 283 3856 acrites
296 3807 466 3877 providerent.
480 3837 517 3846 —-
530 3807 612 3860 Ebria
628 3809 708 3878 igitur
725 3807 863 3859 helleboro
882 3805 960 3870 Ilias,
978 3803 1006 3855 h.
1024 3823 1047 3854 e.
1068 3800 1215 3873 composita
1232 3821 1246 3854 0

199 3896 280 3952 poeta
294 3885 367 3936 ebrio
381 3905 430 3957 per
442 3885 618 3938 helleborum.
631 3887 672 3940 sic
681 3887 781 3940 Seneca
790 3887 874 3958 Epist.
889 3903 934 3954 19:
948 3900 1034 3936 sermo
1047 3883 1138 3932 ebrius.

233 3982 302 4033 Not.
322 3981 364 4034 51.
377 3983 440 4036 Non
452 3983 476 4036 si
491 4001 544 4055 qua
559 3981 670 4055 elepidiu
686 3984 761 4036 cnidi
775 3984 916 4035 Dictorunt
931 3979 1064 4053 proceres?
1078 4007 1114 4016 -
1125 3975 1246 4050 Elegidia

198 4077 247 4127 per
266 4073 449 4132 contemptum
469 4064 506 4114 sic
524 4076 654 4116 vocantur
670 4062 786 4133 elegiace
803 4064 921 4114 carmina
937 4062 1096 4126 minuteque
1113 4059 1247 4126 composi·

199 4140 297 4206 tiones,
306 4139 401 4213 quibus
410 4159 441 4192 eo
449 4154 524 4194 aetate
531 4140 735 4212 0000101000-
742 4141 820 4194 Credi
825 4158 954 4212 proceres,
963 4135 1066 4190 nobiles
1073 4135 1245 4210 5010010110,
