3052 4854
467 438 516 500 m
540 434 753 502 serrem
777 433 982 500 rninsu.
1204 435 1245 528 ⁵7

198 567 324 637 colligere
336 562 419 628 solet,
433 562 510 633 quasi
520 572 612 613 natare
623 558 753 613 rideatur.
765 581 776 608 t
790 558 988 612 Correctionem
1001 577 1050 630 ego
1064 561 1180 632 probare
1193 581 1249 616 non

199 665 324 720 possum,
338 663 395 717 qum
402 641 476 696 nulla
483 644 610 696 innitatur
617 642 856 712 manuscriptorum
867 639 954 692 Godd.
964 646 1134 711 auctoritate,
1142 663 1250 716 preter·

199 730 247 780 tim
260 744 341 798 quum
354 743 444 779 versus
455 722 513 788 ille,
527 741 604 793 quem
615 720 788 792 rejiciendum
797 732 890 773 censet
898 720 1003 793 Kcniq,
1017 722 1106 792 probe
1118 725 1151 776 sit
1162 725 1250 778 letini-

199 809 261 860 tatis
270 819 297 860 et
306 824 399 858 sensns
409 806 514 857 minime
522 804 646 874 ambigui.
655 802 988 875 Ceteruminterpretatio,
999 821 1078 875 quam
1088 803 1182 877 Koenip
1193 825 1253 876 pro·

200 889 304 960 posuit,
316 905 412 960 parum
422 887 546 938 convenit
558 903 618 937 cnm
628 884 768 936 latinitate.
776 882 961 946 -Delumbe3
974 886 1031 936 sine
1043 883 1140 936 lumbis
1152 903 1183 936 ec
1195 886 1251 937 sine

200 967 313 1031 viribus3
325 985 386 1018 nam
399 969 425 1019 in
437 967 488 1019 illis
501 967 620 1038 corporis
631 965 751 1037 partibus
764 965 876 1016 maxime
887 964 970 1016 robur
982 978 1102 1037 apparet.
1115 961 1187 1017 Solet
1198 963 1251 1016 hoe

200 1048 308 1100 verbum
319 1049 455 1120 usurpati,
468 1049 489 1099 si
500 1044 607 1119 quando
621 1060 713 1116 agatur
724 1045 758 1098 de
768 1065 797 1097 re
807 1063 856 1118 par
864 1046 1064 1098 affectationem
1076 1047 1252 1118 effoeminatn,

201 1127 300 1180 nullius
312 1127 453 1200 ponderis,
465 1125 564 1178 nullius
575 1125 762 1178 meditationis.
776 1127 925 1177 Vitruvius:
942 1125 1048 1178 «curva
1061 1127 1207 1178 Lacuntria
1219 1125 1253 1176 ad
1329 1177 1344 1192 .

200 1206 334 1260 Ciminum
349 1207 531 1260 delumbata.»
548 1207 631 1259 Cicer.
649 1207 724 1260 Orat.
742 1207 805 1259 aNe
820 1208 937 1259 minutos
952 1225 1078 1260 numeros
1099 1218 1253 1278 sequentes,
1274 1275 1276 1278 Ι

201 1286 378 1339 delumbemus
392 1288 566 1340 sententias.»
584 1287 669 1338 Tacit.
687 1284 791 1356 Dialog.
807 1283 840 1337 de
858 1285 937 1337 Ceus.
955 1303 1061 1358 corrup.
1081 1285 1158 1356 Fdoq.
1177 1297 1254 1335 vocat

200 1366 357 1417 Ciceronem
369 1365 483 1416 fractum
496 1379 520 1416 et
533 1363 671 1416 elumbem.
684 1366 743 1416 Hoc
753 1365 834 1416 Persii
844 1363 919 1430 loco,
929 1363 1041 1416 verbnm
1057 1365 1177 1437 apprime
1187 1381 1253 1414 con-

200 1444 271 1496 venit
285 1461 346 1494 cum
358 1441 404 1494 illa
416 1445 554 1514 superiore
565 1441 736 1513 metaphora,
751 1460 809 1513 quae
820 1441 902 1515 paulo
917 1457 956 1496 est
968 1441 1084 1495 liberior.
1096 1471 1133 1482 -
1143 1441 1255 1495 Summo

200 1521 282 1575 sativa
293 1523 352 1578 Hor
364 1535 439 1576 natat
450 1525 477 1574 in
491 1523 576 1576 labris.
594 1522 667 1575 Nihil
681 1537 721 1576 est
734 1523 808 1596 apud
823 1525 932 1577 Latinos
947 1523 988 1576 his
1003 1521 1185 1576 locutionibhs
1200 1523 1255 1576 usi·

202 1602 295 1653 tatius:
310 1602 384 1654 verba
397 1603 424 1653 in
438 1619 494 1667 ore,
512 1603 540 1654 irt
553 1601 631 1654 labris
643 1603 775 1654 nascentia
780 1625 790 1664 ,-
807 1603 880 1654 verta
893 1602 1018 1666 lumido;
1033 1621 1091 1675 qne
1108 1601 1255 1672 significent

201 1683 318 1752 ineptam
331 1683 528 1755 garrulitatem,
541 1697 587 1734 ant
601 1685 628 1734 in
641 1681 778 1754 loquendo
791 1685 974 1736 temeritatem.
987 1685 1040 1736 Has
1054 1683 1146 1737 solute
1158 1683 1255 1734 oratio·

200 1761 241 1812 nis
254 1760 403 1814 locutiones
414 1765 442 1814 in
454 1779 557 1814 versum
570 1761 735 1814 transtulisse
747 1761 810 1814 mihi
822 1761 928 1815 videtur
941 1765 1045 1815 Persius
1057 1761 1197 1834 paululum
1210 1777 1256 1812 ex·

201 1856 318 1894 crustas.
331 1843 422 1896 Senec.
437 1845 520 1916 Epist.
535 1844 575 1896 X:
594 1843 677 1896 «Non
693 1863 709 1896 a
726 1844 833 1898 summit
844 1841 924 1896 labris
938 1849 987 1898 iste
1003 1857 1164 1898 venerunt.»
1179 1845 1212 1894 Η.
1230 1861 1253 1893 e.

201 1919 301 1974 habent
312 1921 353 1976 ltae
364 1943 444 1978 vocet
458 1923 671 1977 fundamentum.
684 1922 799 1992 Gellius,
812 1924 858 1980 tib.
873 1927 901 1992 l,
913 1943 972 1996 cap.
990 1924 1037 1978 15:
1053 1925 1129 1991 «Qui
1143 1933 1205 1976 sunt
1218 1920 1256 1974 le·

201 2017 260 2067 ves,
273 2016 299 2055 et
309 2001 414 2071 futiles,
426 2017 451 2056 et
466 2007 612 2076 importuni
624 2002 774 2070 locutores,
786 2007 886 2078 quique
898 2004 973 2058 nullo
985 2025 1073 2060 rerum
1084 2001 1204 2076 pondere
1218 2002 1257 2054 iu·

201 2083 270 2148 nixi,
292 2084 373 2140 verbis
393 2085 508 2139 humidis
524 2097 551 2138 et
569 2083 731 2160 lapsantibus
746 2085 888 2151 diffluunt,
908 2105 999 2140 eoram
1019 2089 1167 2139 orationem
1185 2083 1256 2139 bene

202 2162 378 2216 existimatum
393 2177 432 2218 est
446 2165 473 2216 in
490 2182 534 2216 ore
546 2165 630 2232 nasei,
644 2183 699 2218 non
712 2167 739 2217 in
752 2177 893 2236 pectore.»
911 2165 1023 2234 Quintil.
1036 2163 1083 2218 lib.
1094 2165 1132 2230 X,
1148 2179 1207 2233 cap.
1222 2163 1255 2229 4:

204 2260 216 2284 a
226 2242 285 2312 Ipsa
300 2239 347 2322 ¹illa
359 2261 391 2296 ex
406 2257 526 2314 tempore
538 2243 647 2296 dicendi
661 2244 774 2298 facultas
786 2247 893 2300 inanem
908 2243 990 2296 modo
1006 2244 1197 2315 loquacitatem
1209 2239 1257 2292 da-

201 2320 241 2374 bit
259 2335 285 2375 et
303 2325 379 2376 verba
399 2326 426 2377 t'n
444 2323 523 2378 labris
540 2326 693 2378 nascentia.-
714 2324 766 2377 illis
781 2323 900 2392 radices,
916 2317 967 2376 illis
984 2323 1158 2378 fundamenta
1177 2334 1255 2386 sunt,

201 2401 252 2456 illis
265 2423 329 2477 opes
336 2405 407 2457 velut
416 2407 546 2458 sanctiore
555 2405 672 2478 quodam
679 2407 781 2458 erario.
792 2429 803 2454 ι
815 2435 851 2448 -
860 2407 897 2458 Et
905 2404 931 2456 in
940 2403 992 2458 udo
1002 2415 1052 2466 σευ
1063 2403 1257 2473 locutiograeea

203 2479 226 2533 ir
241 2481 304 2550 ὑγρᾷ
315 2477 380 2536 siret.
398 2485 445 2536 Est
457 2488 527 2536 enim
539 2485 612 2557 apud
624 2486 731 2538 Graecos
743 2487 915 2558 proverbium
928 2484 961 2537 (le
973 2483 1147 2556 loquacibus:
1160 2481 1183 2537 ir
1197 2483 1257 2553 r'rypqi

203 2559 260 2616 inlu
273 2562 287 2615 i
299 2565 408 2630 ysena,
417 2593 454 2605 -
462 2566 564 2617 Menas
576 2575 602 2616 et
612 2567 688 2618 Attin
693 2590 703 2630 ,-
715 2567 860 2638 respiciunt
872 2566 928 2620 hec
940 2565 1020 2620 verba
1033 2565 1067 2618 ed
1078 2583 1170 2617 versus
1181 2565 1216 2634 93
1231 2580 1257 2617 et

208 2659 265 2696 tor.
276 2675 311 2685 -
322 2647 361 2698 Ex
370 2644 411 2697 his
422 2645 546 2698 omnibus
556 2665 649 2700 sensus
659 2659 712 2714 est,
723 2663 752 2700 ut
762 2668 836 2714 reor,
849 2651 1042 2722 apertissimam
1054 2665 1108 2720 qno
1119 2648 1200 2718 magis
1211 2645 1256 2698 ad·

202 2717 328 2778 mirermu
339 2726 497 2798 interpretes
511 2725 544 2778 de
558 2723 611 2783 hoc
623 2726 685 2782 loeo
698 2741 801 2808 tantum
813 2728 948 2802 disputare
960 2741 986 2782 et
998 2726 1140 2798 ambigere.

237 2839 306 2892 Nor.
329 2841 388 2894 106.
402 2841 459 2895 Nee
472 2842 594 2915 pluteum
611 2845 700 2908 cedit,
718 2865 767 2900 neo
781 2847 909 2902 demorsos
926 2847 994 2920 sopit
1010 2863 1118 2919 rmques.
1131 2873 1167 2884 -
1177 2845 1256 2911 Jnre,

203 2923 329 2992 quoniam
339 2939 432 2974 versus
443 2935 543 2976 temere
555 2925 683 2979 effutiunt
694 2928 820 2980 incuriosi
829 2941 925 2999 poetae.
935 2957 970 2968 -
980 2927 1090 2988 Pluteut
1097 2939 1154 2978 erat
1165 2923 1256 2976 tabula

203 3011 291 3051 erecte
304 2997 338 3052 ad
351 3018 434 3052 unum
447 3001 516 3055 latus
531 3001 593 3056 lecti
610 3003 785 3069 cubicularis3
803 3023 865 3057 nam
883 3005 917 3058 ad
933 3005 1045 3058 alterum
1062 3003 1167 3076 sponda
1183 3002 1256 3056 nuda

203 3090 267 3131 erat.
283 3079 390 3132 Gonssl.
405 3078 508 3134 Comm.
525 3082 559 3135 ad
576 3085 682 3136 Petron.
700 3084 763 3147 115;
780 3084 894 3137 Martial,
908 3085 956 3151 ΠΙ,
972 3103 1016 3156 9¹.
1030 3113 1064 3126 -
1080 3083 1180 3138 uectem
1194 3101 1256 3155 pro·

202 3163 260 3233 prie
272 3158 325 3212 dici
336 3173 425 3231 potest
436 3161 469 3214 de
481 3166 582 3234 poetis,
595 3183 710 3235 quorum
722 3165 858 3218 meditatio
870 3183 963 3238 parum
975 3165 1111 3238 procedit,
1124 3179 1149 3218 et
1162 3165 1208 3238 qui
1219 3163 1256 3216 ob

203 3259 260 3294 eam
277 3258 385 3293 causam
404 3242 546 3295 effundunt
562 3262 668 3298 omnem
682 3246 746 3296 irem
764 3246 791 3296 in
807 3245 944 3316 pluteum,
960 3244 988 3297 h.
1008 3245 1025 3298 l.
1047 3243 1202 3298 translatum
1221 3243 1256 3296 ad

202 3339 315 3391 poema,
334 3322 360 3372 in
378 3339 433 3393 qno
450 3321 611 3376 elaborando
626 3323 692 3375 nihil
709 3323 866 3376 desudatum
880 3338 928 3378 est.
944 3355 981 3366 -
996 3325 1133 3377 Demetros
1147 3343 1253 3398 unques.

203 3401 337 3470 Unguium
349 3403 468 3454 corrosio
480 3401 587 3454 solliciti
599 3403 679 3454 enimi
698 3415 752 3466 est,
769 3415 796 3454 et
810 3421 888 3474 quern
903 3405 944 3456 sui
959 3405 1041 3476 ipsius
1058 3403 1178 3475 poenitet.
1193 3405 1254 3455 flac

204 3492 265 3532 sunt
275 3483 351 3552 quasi
363 3481 470 3535 dixisset
483 3504 489 3532 ι
508 3501 558 3534 neo
570 3481 683 3534 multum
700 3483 770 3552 sopit
783 3481 920 3550 laborem,
932 3501 983 3534 neo
996 3482 1123 3536 studium.
1141 3482 1252 3549 Quintil.

203 3556 250 3610 lib.
263 3559 303 3625 X,
314 3577 337 3612 c.
353 3561 384 3627 3,
396 3561 459 3612 citat
475 3559 545 3614 hunc
557 3560 639 3612 Persii
650 3558 759 3612 locum:
774 3561 863 3611 iTum
875 3559 919 3612 illa
933 3579 991 3632 quae
1003 3561 1162 3631 apertiorem
1174 3561 1254 3612 enimi

204 3649 306 3690 motum
316 3654 472 3712 sequuntur,
490 3659 546 3712 quae
557 3641 617 3711 ipss
629 3641 746 3690 animum
759 3638 956 3710 quodammodo
974 3640 1123 3702 concitant,
1140 3655 1254 3708 quorum

205 3727 246 3768 est
251 3719 352 3786 jactare
359 3739 481 3785 menum,
490 3733 613 3790 torquere
621 3717 724 3770 vultum
732 3718 824 3784 simul,
832 3731 859 3772 et
866 3719 972 3770 interim
980 3716 1135 3789 objurgare,
1143 3732 1254 3786 quaeque

204 3794 308 3848 Persius
320 3811 408 3865 notat,
423 3817 505 3871 quum
519 3797 611 3850 leviter
623 3795 729 3848 dicendi
742 3815 826 3867 genus
839 3799 985 3868 significat:
1004 3814 1051 3850 neo
1062 3793 1197 3867 pluteum,
1211 3797 1253 3848 in·

207 3873 278 3944 quit,
294 3875 382 3942 cedit,
398 3897 444 3930 nec
455 3879 584 3930 demorsos
594 3876 661 3946 sapit
673 3895 787 3949 unques:
803 3878 881 3930 etiam
893 3875 1004 3930 ridicula
1016 3887 1092 3940 sant,
1108 3875 1159 3926 nisi
1171 3891 1252 3944 quum

178 3963 181 3968 '
206 3951 256 4006 soli
267 3972 387 4008 sumus.»
402 3957 480 4010 conf.
494 3961 586 4012 Horat.
599 3956 652 4010 Sat.
665 3956 712 4010 lib.
723 3959 750 4022 l,
760 3958 799 4022 X,
808 3973 862 4028 ‚7⁰³

620 4045 886 4094 ...outenheim

406 4111 464 4169 Sept
472 4111 837 4171 capnttesberet‚virosetroderet
844 4124 935 4170 angue.
