3052 4854
278 409 319 473 28
452 408 608 470 VARIAE
633 405 909 471 LECTIONES
932 409 994 472 ET
1018 409 1154 474 N'OTAE

274 515 368 566 melius
377 516 503 585 speravit,
513 512 553 564 rel
563 513 664 582 potius,
673 510 786 564 lectores
794 531 828 562 an
839 515 873 563 sit
882 511 1037 579 habiturus,
1047 533 1141 585 parum
1149 529 1238 582 curat,
1247 518 1329 589 subji-

203 593 209 604 “
274 597 309 646 cit
317 592 433 666 quadam
441 593 533 646 lictaet
541 592 670 644 derisoria
678 591 864 662 desperatione
874 614 880 641 τ
892 594 1057 654 nem03sub:
1070 613 1128 646 mea
1139 596 1236 668 scripta
1246 596 1327 668 leget!

306 701 372 750 Nor.
385 699 409 750 3.
421 696 472 750 Vel
480 696 547 761 duo,
559 694 599 746 vel
609 713 702 756 nemo;
714 706 788 766 turpe
796 707 821 747 et
831 696 984 748 miserabile.
993 727 1029 736 -
1039 690 1142 767 Quare?
1150 703 1247 752 Totum
1256 699 1328 753 hunc

272 796 392 843 versum,
406 788 515 846 excepto
529 767 622 847 quare,
632 775 759 824 monitori
769 773 924 836 tribuimus3
937 777 1014 827 aliter
1022 794 1084 827 vero
1095 795 1109 827 a
1121 779 1255 831 nonnullis
1265 779 1329 848 legi·

272 869 324 908 tur.
339 859 443 910 Initium
456 871 546 907 uersus
561 872 621 906 cum
635 851 685 905 line
700 853 872 925 precedentis
885 854 1018 906 coherere
1030 855 1139 920 volunt,
1154 858 1328 930 tribuuntque

272 940 360 990 Persio
373 937 428 988 haec
442 935 539 987 verba:
556 934 598 986 uel
607 934 671 1002 duo,
688 933 774 1000 vel...,
788 935 863 1007 quasi
877 934 922 988 ille
936 955 991 987 non
1008 937 1167 990 concederet
1178 937 1327 992 adversario

273 1020 366 1070 satiras
376 1035 437 1070 suas
447 1034 555 1087 prorsus
568 1033 583 1066 a
596 1016 702 1066 nemine
710 1013 836 1084 legendas
844 1033 915 1080 esse;
929 1016 1022 1068 saltem
1031 1019 1100 1070 enim
1110 1017 1220 1070 aelduos
1228 1019 1328 1072 veltres

272 1109 407 1166 repertum
422 1096 467 1160 iri,
481 1095 528 1164 qui·
542 1091 641 1164 legant.
659 1091 711 1146 Sed
728 1095 861 1158 monitor,
875 1113 930 1146 non
946 1110 1099 1168 exspectans
1116 1096 1201 1148 donec
1218 1095 1329 1149 inchoa-

272 1189 326 1228 tam
343 1176 500 1228 sententiam
517 1175 619 1226 Persius
632 1171 769 1238 absolvat,
781 1174 932 1246 interpellat
946 1189 971 1228 et
984 1176 1105 1248 subjicit:
1118 1197 1202 1229 nemo.
1217 1179 1278 1230 Non
1291 1193 1329 1231 est

273 1259 363 1326 inepta
379 1254 485 1325 quidem
503 1253 558 1306 haec
575 1252 663 1305 lectio.
679 1255 803 1305 Nostram
821 1274 884 1307 vero
905 1269 1014 1307 tuentur
1031 1269 1058 1308 et
1077 1275 1169 1310 sensus
1189 1256 1286 1309 clarior
1302 1271 1328 1309 et

272 1353 357 1406 graeca
371 1332 501 1402 analogia.
513 1333 596 1385 Graeci
609 1350 719 1403 nempe,
734 1335 839 1403 quoties
856 1353 985 1386 summam
995 1337 1128 1388 raritatem
1138 1336 1231 1387 volunt
1243 1340 1328 1408 expri-

273 1434 359 1479 mere,
369 1416 406 1466 sic
419 1415 520 1465 faciunt
534 1435 540 1464 :
560 1410 573 1462 i
589 1411 677 1478 itlysr,
691 1410 704 1462 t
716 1413 804 1475 eilde,
818 1414 859 1466 vel
871 1412 886 1466 r'
900 1437 949 1480 mr,
966 1414 1072 1471 rioilus.
1091 1418 1281 1486 Hippocrates,
1294 1415 1327 1468 de

273 1492 370 1546 Morbo
387 1511 478 1558 sacro,
496 1491 537 1543 ias
555 1491 589 1544 im
608 1491 621 1544 ti
640 1493 716 1547 ssime
733 1492 792 1545 abrs
810 1491 976 1561 mraaplrisu,
992 1493 1044 1545 ἀλλ’
1061 1495 1075 1545 l
1093 1493 1183 1560 ὀλίγους
1200 1493 1214 1545 i
1230 1491 1327 1558 obsim

272 1573 400 1638 AElianus,
409 1571 536 1625 deAnIm.
546 1573 563 1623 Ι.
572 1575 633 1638 VII,
644 1591 667 1624 c.
675 1573 707 1634 83
718 1570 840 1640 θαυμάζοι
849 1595 884 1630 mr
894 1571 1000 1636 deblaim
1008 1575 1086 1625 Dion.
1098 1573 1115 1624 I.
1123 1573 1240 1639 XLVIII,
1252 1572 1329 1640 issimi

273 1651 288 1705 ri
294 1674 329 1709 ess
339 1651 353 1703 i
362 1651 435 1708 οὐδεὶς·
444 1650 553 1718 urraisei
563 1649 638 1704 llil».
651 1655 733 1722 Igitur
743 1653 786 1705 vel
794 1655 860 1721 duo,
870 1653 912 1705 uel
921 1672 1011 1721 neme,
1022 1654 1109 1720 idest,
1122 1655 1281 1724 paucissimi.
1292 1683 1328 1693 -

275 1735 363 1805 Turpe
376 1744 403 1785 et
418 1732 563 1786 miserabile
573 1733 652 1786 verba
668 1747 729 1785 sunt
745 1753 853 1805 quoque
866 1735 1021 1799 monitoris,
1034 1733 1087 1786 hoc
1102 1733 1193 1786 labore
1210 1737 1328 1788 Persium

273 1809 376 1863 nullam
398 1813 508 1882 gratiam
529 1826 668 1881 capturum
684 1816 841 1883 reputantis.
861 1815 960 1864 Verum
977 1811 1031 1865 hoc
1052 1826 1127 1886 turpe
1142 1825 1167 1864 et
1184 1811 1328 1865 miserabile

273 1904 377 1943 tantum
391 1894 423 1942 Iis
437 1891 520 1943 videri
534 1905 639 1964 potest,
660 1893 706 1962 qui
723 1891 901 1944 multitudinis
919 1893 1030 1964 plausus
1050 1906 1172 1964 captant,
1192 1911 1247 1944 non
1264 1895 1327 1944 item

276 1973 372 2024 Persio.
392 1973 483 2044 Itaque
503 1975 624 2038 Persius,
642 1974 718 2043 quasi
736 1976 866 2025 rationem
886 1991 934 2025 cur
949 1973 976 2024 id
996 1985 1069 2044 turpe
1087 1984 1113 2024 et
1129 1972 1276 2026 miserabile
1294 1974 1328 2024 sit

273 2052 415 2122 ignorans,
430 2054 468 2104 sic
481 2055 645 2124 interrogat:
662 2053 759 2122 quare?

306 2209 389 2254 Vatum
398 2223 532 2257 ammones.
546 2210 569 2268 4.
581 2213 616 2257 Ne
626 2208 682 2256 mibi
688 2209 831 2270 Polydamas.
842 2234 874 2246 -
883 2213 928 2256 Pro
939 2208 1059 2272 relegitur
1069 2225 1130 2272 saepe
1140 2211 1225 2272 sepius
1232 2209 1256 2252 in
1263 2209 1326 2254 MSS.

273 2295 322 2336 aee,
328 2294 415 2329 autre.
421 2285 524 2344 Quarum
529 2285 655 2330 lectionum
664 2284 728 2346 prior
733 2299 786 2329 cum
795 2297 822 2328 ea
828 2298 884 2329 voce
893 2297 966 2346 πυρα,
973 2299 1024 2345 quae
1032 2283 1104 2328 Persii
1111 2281 1217 2345 prolecto
1224 2293 1328 2336 est,con·

273 2357 353 2401 venire
364 2354 429 2402 nullo
439 2357 510 2403 modo
520 2369 603 2420 potest.
616 2357 733 2402 Posterior
741 2371 796 2402 vero
805 2371 854 2400 non
864 2355 950 2402 iusulta
960 2367 1002 2400 est.
1014 2355 1084 2400 Dabit
1092 2355 1153 2400 enlm
1163 2353 1226 2398 hunc
1233 2368 1327 2399 sensum

273 2439 365 2472 versus:
375 2429 452 2482 redd
460 2442 495 2475 cst
500 2429 616 2492 profecto,
624 2435 760 2492 anteponent
767 2426 823 2473 milri
828 2427 960 2474 Labeonem.
968 2429 1054 2491 Nu9oe5
1062 2427 1086 2472 id
1094 2438 1141 2482 est,
1151 2427 1191 2472 sed
1198 2424 1238 2472 boe
1244 2441 1327 2488 param

272 2513 335 2544 curo.
344 2525 376 2534 —
384 2499 530 2558 Polydamas,
542 2499 607 2564 quod
614 2499 702 2547 habent
709 2500 784 2547 Codd.
793 2515 887 2555 omues,
898 2503 1000 2556 servavi,
1012 2502 1054 2546 etti
1062 2517 1099 2546 mc
1107 2515 1156 2546 non
1163 2499 1222 2560 lupis
1230 2513 1327 2562 grecam

272 2581 354 2612 vocem
361 2581 410 2611 esse
419 2583 425 2611 ε
437 2563 603 2628 Πουλυδάμας,
611 2581 681 2629 atquc
689 2570 788 2630 primurn
797 2570 820 2615 in
830 2585 835 2615 :
844 2569 995 2630 Polydamas,
1005 2585 1055 2616 esse
1064 2569 1248 2631 eorn'pIendsm,
1257 2579 1282 2613 ut
1290 2570 1327 2612 in:

272 2635 406 2695 Polydorus.
413 2638 478 2696 Legit
485 2639 553 2683 ttoen.
560 2636 691 2683 Pulidamas
697 2671 703 2694 ,
709 2639 758 2685 alii:
767 2639 977 2702 Pollydamas‚·qua
984 2642 1121 2686 auctoritate
1129 2640 1230 2693 Inducti,
1239 2639 1326 2684 neacIo.

309 2736 408 2801 Nomi.
416 2733 532 2786 Nemilri
538 2737 696 2807 Polydamas
703 2751 727 2789 et
735 2739 857 2791 Troiades
866 2739 1011 2788 Labeonem
1019 2719 1327 2808 PrIetulerintlnapoe.-

274 2811 447 2884 Polydamas,
456 2816 589 2884 Trojanus
598 2817 637 2866 vir
648 2817 724 2866 fortis
737 2831 763 2866 et
776 2818 897 2884 sapiens,
909 2819 985 2884 cujus
995 2819 1094 2866 Hector
1105 2833 1244 2865 censuram
1253 2831 1327 2865 reve·

275 2891 392 2943 rebatur.
405 2893 482 2942 Hom.
496 2891 570 2944 Iliad.
583 2891 630 2942 lib.
641 2895 680 2958 X,
690 2911 758 2944 vers.
779 2907 827 2942 100
843 2904 869 2942 et
884 2890 949 2943 105:

512 2973 672 3038 nonaullam
683 2996 725 3040 μοι
734 2977 820 3042 aydam
831 2974 952 3040 ἰλιγχοὶλι
962 2974 1099 3026 arabim...

512 3043 620 3108 diliis-sut
632 3047 722 3110 Τρὸας,
736 3047 776 3094 ani
787 3041 895 3112 Tpurilur
903 3043 1090 3096 laeserimus.

275 3131 405 3184 Videntur
416 3129 445 3180 hi
458 3146 548 3180 sersus
560 3129 587 3179 in
600 3129 772 3200 proverbium
788 3129 864 3199 quasi
877 3125 973 3180 abiisse
987 3127 1060 3197 apud
1072 3128 1197 3198 antiquos
1203 3167 1212 3193 ‚
1224 3129 1327 3198 quoties

276 3223 333 3262 erat
340 3206 519 3279 designandus
528 3205 722 3278 aliquis,cujus
732 3204 772 3256 vel
783 3223 922 3256 censuram
933 3204 1118 3272 timerent,rel
1126 3223 1225 3256 nomen
1232 3203 1328 3257 vellent

275 3293 393 3344 reticere.
409 3290 450 3342 Sic
465 3300 607 3360 utrumque
619 3289 727 3341 Homeri
739 3303 845 3338 versum
857 3287 995 3356 usurpavit
1006 3284 1122 3352 Tullius,
1137 3287 1164 3337 in
1176 3284 1292 3357 Epistola
1306 3285 1327 3334 V

277 3372 311 3425 ad
321 3373 453 3434 Atticum,
463 3369 508 3420 Iib.
523 3371 544 3421 II
553 3393 560 3431 ς
570 3383 597 3420 et
608 3371 635 3420 in
645 3371 670 3434 I,
681 3368 726 3419 lib.
740 3369 799 3419 VII:
816 3389 827 3412 a
841 3365 917 3419 aliter
929 3371 1055 3420 sensero?
1065 3363 1176 3432 rirlsiysss
1188 3386 1243 3419 non
1253 3371 1329 3418 Pom·

276 3455 365 3524 peium
379 3451 473 3518 modo,
484 3448 532 3502 sed
544 3450 623 3518 Tyriae
633 3447 672 3500 ui
681 3449 809 3518 Tpulaler.
822 3445 981 3513 Πουλυθὴοις
988 3467 1029 3512 μοι
1041 3448 1130 3516 πρῶτος
1140 3446 1257 3513 ἐλεγχείην
1268 3444 1328 3498 οἶνοι-

278 3533 347 3584 lim.
358 3533 440 3601 Quis?
450 3545 479 3584 tu
489 3533 547 3602 ipse
556 3529 679 3583 laudator
690 3545 716 3582 et
726 3533 888 3601 scriptorum
898 3544 924 3581 et
932 3531 1069 3581 -Iactorum
1079 3547 1208 3580 meorum.
1221 3553 1231 3574 ο
1244 3529 1327 3598 Epist.

277 3617 351 3681 XVI,
360 3614 378 3666 I.
389 3615 464 3668 VIII:
478 3637 490 3661 ο
501 3609 610 3678 atulam
619 3609 707 3680 Τροίας.
719 3636 730 3658 ι
746 3612 788 3663 Sic
797 3625 888 3663 noster
897 3610 962 3662 dixit
973 3633 979 3661 :
993 3609 1153 3682 Polydamas
1163 3621 1189 3660 et
1199 3609 1328 3662 Troiades.

276 3699 326 3749 Per
334 3696 529 3768 Polydamanta
539 3694 655 3764 intellige
666 3707 712 3746 aut
721 3711 847 3764 magnum
858 3711 950 3764 quem,
963 3695 1039 3764 cujus
1051 3689 1193 3742 multitudo
1199 3689 1329 3760 judicium

278 3788 377 3826 temere
387 3787 522 3845 sequatur,
532 3787 578 3826 aut
589 3775 677 3844 ipsum
689 3773 845 3844 principem.
859 3773 898 3823 Ac
910 3773 1055 3842 pessimum
1065 3771 1185 3822 omnium
1195 3769 1328 3820 Neronem

277 3851 457 3908 honestissimi
465 3854 514 3905 viri
526 3855 633 3904 nomine
641 3850 789 3923 designari,
799 3869 853 3902 non
863 3865 903 3903 est
912 3850 1077 3914 mirandum,
1091 3867 1172 3920 quum
1184 3861 1287 3900 tantum
1296 3848 1329 3898 sit

278 3937 306 3986 in
319 3939 375 4005 ejus
387 3935 513 4008 principis
526 3935 720 4005 vituperatione
731 3930 896 4004 periculum
908 3930 976 3984 adde
987 3928 1061 4002 quod
1074 3928 1132 3982 laus
1140 3927 1184 3982 hic
1194 3931 1329 3998 vitupera·

278 4015 359 4066 tionis
375 4015 464 4066 Iocum
481 4013 608 4066 obtineat.
626 4017 675 4066 Per
690 4013 811 4065 Troiades
822 4011 938 4080 intellige
950 4012 1099 4078 Romanos,
1119 4027 1201 4081 quos,
1218 4018 1330 4079 propter

262 4121 264 4125 ·
280 4089 431 4158 mollitiem,
441 4111 474 4144 ne
483 4095 601 4144 virorum
610 4090 718 4163 quidem
728 4089 937 4161 nominediguos
944 4089 1084 4160 judicavit.
1095 4088 1137 4142 sic
1145 4088 1217 4158 Virg.
1229 4081 1327 4138 AEneid.
