3052 4854
460 406 508 476 IN
533 408 744 478 SATIRAM
770 410 974 476 PRIMAM.
1197 433 1238 498 ²7

195 522 271 577 simul
281 523 343 593 qnia
355 517 477 574 nonnihil
487 519 555 571 lucis
566 519 593 569 in
605 531 695 588 per-tes
706 517 795 588 operis
807 513 959 588 sperabam,
972 521 994 570 si
1003 531 1087 572 totum
1096 519 1244 573 iltnnme·

194 619 245 659 tur.
265 602 380 657 Fatebor
395 599 517 673 equidem
533 597 660 652 nonnulla
680 595 724 649 isio
741 613 815 663 esse,
834 597 932 668 quibus
951 598 1036 650 iucem
1054 603 1111 671 ipse
1125 601 1243 656 dedisset

106 684 113 696 ”
195 686 298 737 Persius
312 682 414 742 malim;
426 680 532 752 culpam
543 695 605 730 vers
621 691 772 748 temporum
782 676 824 729 vei
836 689 955 730 nostram
969 681 1027 730 viro
1041 681 1185 735 tribuamus
1198 700 1244 733 ca-

194 761 319 814 sendum.
334 759 465 830 Scriptum
477 759 546 810 enim
559 753 748 827 quodcumque
763 753 916 824 (satiricum
929 758 1103 828 praesertim),
1116 762 1158 811 cui
1170 758 1245 813 dedit

195 841 363 894 occasionem
377 851 481 909 tempus
496 849 542 890 aut
552 837 605 888 vita
619 834 776 902 bominum,
791 833 909 908 quandiu
921 835 1038 888 manebit
1050 839 1106 906 ejus
1118 840 1244 910 temporis

196 940 320 974 eorumve
334 919 471 972 hominum
483 920 541 970 vitre
558 917 700 984 memoria,
714 916 816 969 ciorum
835 917 884 968 erit
898 930 925 968 et
942 930 1065 989 opertum
1079 917 1229 988 legentibus
1237 942 1245 982 ;

195 1000 266 1053 idem
276 1020 357 1067 vero,
371 997 417 1051 uhi
434 997 468 1050 ad
482 1009 612 1050 remotam
629 999 800 1068 ignaramque
815 997 985 1050 vetustissimi
1000 999 1047 1050 tevi
1065 999 1246 1070 posteritatem

195 1083 357 1151 pervenerit,
372 1077 516 1132 obscurum
530 1076 698 1149 arduumque
711 1079 745 1130 sit
755 1093 864 1130 necesse
875 1091 923 1130 est.
936 1078 1023 1148 Quid,
1035 1081 1057 1132 si
1069 1096 1118 1149 per
1132 1075 1246 1152 tyranni·

196 1160 256 1213 dem
267 1161 349 1214 iibere
361 1173 387 1212 et
399 1159 511 1212 candide
527 1157 601 1233 loqui
616 1179 672 1212 non
683 1158 775 1211 licuit?
789 1159 870 1231 quid,
881 1161 916 1227 si,
929 1159 965 1212 ad
979 1159 1165 1232 exprimendos
1181 1178 1246 1230 pro-

195 1242 372 1314 ferendosque
389 1243 469 1294 animi
488 1259 596 1308 sensus,
613 1240 676 1293 dolo
696 1253 723 1293 et
740 1241 842 1294 artibus
860 1260 915 1294 non
933 1243 1021 1294 minus
1038 1259 1119 1312 qnam
1135 1240 1246 1294 audacia

196 1325 319 1394 scriptori
330 1342 398 1395 opus
415 1324 485 1375 fuit?
497 1353 534 1362 —
547 1326 628 1375 Porro
645 1324 773 1376 Persiame
788 1322 868 1393 hujus
884 1311 970 1376 satire
984 1321 1102 1375 conditio
1116 1322 1171 1374 hec
1188 1323 1247 1394 ipsa

196 1415 243 1454 est.
261 1399 334 1454 Ciam
350 1416 375 1455 et
390 1414 477 1480 operte
490 1420 518 1454 se
533 1400 628 1455 dixisse
642 1419 673 1454 eu
686 1420 743 1473 qum
757 1400 867 1467 dixerit,
881 1405 938 1474 ipse
948 1401 1026 1454 nobis
1038 1399 1246 1453 suctordenun-

196 1484 285 1546 tiurits
299 1501 385 1555 neque
397 1483 434 1534 ita
445 1483 508 1534 iecit
521 1501 611 1536 umore
623 1482 808 1548 obscuritatis,
818 1480 915 1547 credo,
929 1482 975 1534 sed
990 1483 1156 1534 necessitate.
1170 1483 1247 1534 Atta-

195 1583 270 1630 men,
282 1583 313 1616 es
325 1564 475 1617 Persiansm
484 1563 673 1616 obscuritatem
682 1561 875 1634 interpretandi
884 1563 988 1615 ratione
998 1561 1117 1616 modeste
1126 1575 1247 1624 utemur3

195 1661 282 1716 neque
298 1657 538 1696 commentatorum
554 1641 731 1716 quorumdam
744 1645 859 1714 vestigiis
875 1645 1040 1708 insistemus,
1055 1643 1100 1715 qui
1115 1639 1248 1714 quidquid

196 1738 235 1777 est
248 1727 276 1778 in
287 1727 368 1778 sstire
379 1725 478 1777 dictum
490 1727 577 1778 minus
594 1738 702 1798 operte,
714 1724 767 1778 boc
781 1723 814 1778 de
830 1725 936 1780 Nerone
953 1725 1053 1778 dictum
1069 1735 1247 1795 potaverunt3

195 1805 231 1856 ita
242 1819 272 1857 ut
281 1823 350 1876 opus
361 1823 436 1875 pene
446 1817 532 1858 totum
544 1807 572 1858 in
584 1823 667 1858 unum
678 1803 830 1871 bominem,
842 1803 1019 1875 eumdemque
1032 1803 1247 1856 crudelissimum

196 1902 228 1936 ac
240 1887 452 1956 potentissimum
463 1887 664 1959 imperatorem,
679 1886 761 1938 fuisse
773 1887 952 1958 compositum
964 1885 1087 1938 arbitrsri
1098 1885 1246 1939 rideantur.

196 1963 277 2032 Quod
288 1965 377 2018 facere
386 1983 472 2038 neque
482 1965 625 2021 uoluntatis
634 1965 685 2018 fuit
693 1967 788 2034 Persii,
799 1984 886 2038 neque
896 1965 1040 2037 diguitatis.

232 2153 320 2206 Norat.
336 2173 357 2208 ι.
368 2156 627 2209 Ocumsisomissum!
634 2178 649 2210 o
657 2168 783 2230 quautssm
791 2170 827 2212 est
835 2160 862 2209 in
873 2159 944 2210 rebec
953 2160 1045 2210 inane!
1052 2186 1088 2196 -
1099 2158 1188 2224 Curre,
1196 2154 1248 2208 hoe

196 2232 271 2301 ioco,
290 2251 341 2306 pro
355 2235 435 2288 rebus
447 2253 513 2308 quas
526 2246 620 2288 curent
635 2235 774 2303 homines,
793 2237 889 2313 quibus
907 2239 1025 2288 inimum
1044 2235 1194 2288 intendunt.
1213 2263 1250 2274 -

199 2315 333 2384 Quantum
346 2317 432 2368 inane.
446 2315 549 2382 Graece,
565 2313 614 2370 iris
623 2315 651 2368 sd
661 2315 730 2371 assis.
744 2319 882 2385 -Quum
898 2325 972 2370 vanse'
989 2328 1050 2370 sunt
1064 2332 1106 2366 res
1121 2333 1186 2386 quas
1201 2313 1249 2365 bo·

197 2396 280 2447 mines
288 2407 382 2448 curant
389 2399 395 2446 i
403 2426 439 2436 -
447 2397 537 2449 Persio
545 2397 606 2448 vitia
616 2397 689 2449 urbis
699 2415 839 2470 moresque
848 2397 944 2449 civium
955 2389 1149 2460 consideranti,
1160 2411 1249 2447 erum-

197 2488 266 2546 punt
274 2473 314 2526 hae
323 2491 402 2527 voces
411 2473 603 2546 philosophicas
612 2473 653 2528 vel
664 2477 782 2530 satiricte.
793 2477 882 2530 Minus
892 2475 1032 2548 prebende
1043 2473 1147 2526 videtur
1157 2489 1250 2526 eorum

197 2553 396 2624 interpretatio,
408 2554 454 2624 qni
466 2551 619 2605 tribuendus
632 2551 689 2605 ilias
701 2567 863 2606 censuerunt
876 2553 980 2606 homini
993 2553 1110 2606 Persium
1125 2550 1251 2622 interpel-

196 2631 263 2684 lanti
281 2633 455 2702 monentique
470 2649 503 2684 ne
519 2630 625 2684 scribat.
642 2631 753 2687 Orditur
769 2634 838 2684 enim
857 2635 960 2686 Persius
980 2635 1147 2686 satiricorum
1166 2633 1248 2684 ferme
1348 2664 1352 2674 -

198 2715 316 2766 omnium
326 2729 411 2778 more,
421 2714 480 2784 qui,
491 2715 568 2783 qussi
576 2713 663 2764 coacti
671 2731 759 2784 neque
768 2713 818 2764 eibi
825 2727 1002 2786 temperantes
1010 2713 1043 2764 sb
1051 2711 1248 2784 indignatione,

197 2792 232 2846 ad
243 2789 414 2848 scribendum
425 2794 608 2862 accinffuntur.
621 2793 664 2845 Sic
673 2785 815 2856 Horatius,
824 2795 1029 2846 inconstantiam
1038 2809 1064 2846 et
1074 2795 1248 2848 temeritatem

196 2870 335 2924 bominum
342 2869 500 2922 admiratus:
511 2868 563 2939 Qui
562 2867 613 2942 fit,
620 2871 764 2934 Moecestas,
771 2883 822 2921 etc.
830 2869 1173 2944 Sindusenalis,aequsiium
1181 2873 1248 2926 vitiis

197 2953 279 3005 iratus
292 2973 298 3004 :
313 2951 422 3022 Semper
431 2971 479 3024 eqo
489 2950 593 3002 auditor
603 2953 727 3004 tontum?
738 2953 836 3002 Verum
851 2949 935 3005 hocce
947 2956 1031 3006 nostri
1042 2953 1178 3006 exordium
1193 2972 1247 3004 non

196 3034 283 3085 minus
295 3030 450 3102 philosophi
462 3025 596 3098 dolorem,
608 3047 687 3103 quem
699 3045 785 3102 poetes
797 3032 849 3083 iras
861 3034 961 3102 arguit,-
971 3046 1051 3105 atque
1061 3032 1129 3085 adeo
1137 3031 1247 3086 similius

198 3127 237 3167 est
251 3110 415 3165 Ecclesiaste
430 3111 557 3164 exordio:
573 3111 676 3166 vanitas
690 3113 851 3178 vanitatum,
866 3125 916 3165 etc.

232 3218 300 3268 teor.
318 3233 342 3269 s.
361 3217 424 3286 Quis
440 3215 507 3290 ieprt
523 3216 594 3268 ime?
611 3240 648 3256 *-
665 3214 736 3268 Min'
753 3215 781 3266 iss
795 3215 863 3268 ised
873 3217 928 3269 sis?
939 3244 976 3258 --
989 3219 1075 3270 Nemo
1087 3217 1198 3272 hercule.
1211 3246 1247 3262 -—

197 3296 296 3348 Nemo!
304 3324 340 3334 -
350 3297 438 3364 Pingit
446 3296 550 3348 Persius
557 3292 643 3346 defixo
652 3291 703 3348 sibi
712 3296 741 3346 iu
750 3293 790 3346 his
801 3294 1019 3366 cogitationibus,
1030 3311 1062 3348 tc
1071 3299 1161 3367 priore
1168 3314 1246 3351 versu

194 3375 249 3444 jem
264 3374 378 3444 scripto,
392 3374 576 3445 supervenisse
590 3373 722 3445 aliquem,
738 3376 783 3444 qni
798 3393 844 3426 eos
857 3389 946 3428 secum
959 3392 1094 3432 sermones
1109 3375 1247 3445 babuerit,

198 3471 266 3524 quos
274 3452 362 3506 refert.
373 3454 440 3504 Toto
454 3455 524 3506 enim
536 3455 617 3506 sstire
626 3455 708 3507 instes
718 3452 816 3525 disiogi
825 3455 963 3526 cujusdam
973 3457 1112 3508 manifesto
1123 3470 1247 3509 contessa

198 3535 432 3604 est,etsipersonae
440 3551 494 3586 non
502 3535 629 3606 opposite
638 3545 714 3597 suuis
727 3535 773 3604 qui
781 3536 862 3588 Persii
869 3545 987 3601 mosest,
997 3549 1026 3586 ut
1034 3551 1065 3586 ex
1073 3535 1246 3606 sequentibus

199 3611 284 3665 satiris
294 3625 459 3682 compertum
471 3616 530 3666 erite
542 3641 578 3652 -
593 3614 655 3684 Quis
667 3613 734 3688 iopes
744 3613 817 3666 deo?
824 3614 904 3668 serbe
913 3627 976 3668 sunt
987 3613 1174 3685 ejus-hominis
1186 3619 1247 3669 Per·

199 3692 268 3743 sium
281 3692 480 3764 interpellantis.
496 3694 546 3746 Cui
557 3693 615 3759 iile,
629 3692 717 3748 subita
732 3694 914 3749 admonitione
926 3698 1002 3768 qussi
1014 3714 1029 3748 e
1040 3693 1246 3766 cogitationibus

199 3781 335 3822 revocatus
344 3791 351 3820 a
359 3769 429 3822 Mitt
437 3783 465 3824 sss
475 3773 544 3826 istud
549 3774 643 3825 aiti—
649 3770 717 3826 Miss'
723 3792 785 3846 pro:
795 3777 880 3837 mittes
888 3775 925 3826 mi
933 3793 981 3845 pro
991 3773 1085 3840 sinidi,
1093 3777 1120 3826 in
1128 3771 1248 3828 versibus

200 3848 295 3918 sepius
304 3854 423 3904 recurrit.
440 3855 495 3906 :Et
502 3853 542 3904 sni
550 3871 635 3924 genus
644 3852 678 3904 sb
687 3857 753 3907 inse
762 3874 874 3908 summo.
886 3879 897 3903 ι
910 3857 982 3926 Virg.
992 3883 1027 3895 -
1036 3857 1123 3908 Nemo
1133 3854 1244 3908 heresis.

198 3927 318 3980 Mouitor
326 3929 376 3982 sibi
388 3933 455 4004 ipsi,
466 3951 548 4004 quum
557 3937 584 3985 in
592 3933 779 4004 respondendo
791 3939 893 3989 Persius
905 3936 944 3988 sei
955 3935 1066 4000 brerest,
1079 3933 1119 3987 vei
1129 3933 1195 3991 siisii
1205 3934 1247 3988 di-

200 4023 257 4076 cas,
266 4011 403 4081 respondit
410 4051 418 4080 ,
425 4013 607 4088 judiciumque
614 4019 765 4087 juramento
775 4017 914 4071 condrms't
923 4021 950 4070 iu
959 4014 1126 4071 sermonibus
1133 4018 1244 4092 usitato:

202 4087 321 4154 berruie,
334 4087 387 4140 hoc
398 4105 438 4144 est
452 4097 541 4163 qussi,
557 4106 623 4148 teste
635 4095 756 4150 Hercule.
771 4124 806 4138 -—
820 4099 918 4150 Nemo!
936 4110 993 4149 mm
1005 4107 1101 4166 poeta,
1114 4093 1246 4166 quidese
