3052 4854
266 420 288 486 ¹1

266 537 382 623 grande
393 558 507 601 sonans
523 557 665 613 carnren,
680 535 767 620 quod
782 556 854 596 suus
872 535 917 596 ibi
931 533 1128 620 potissimum
1140 540 1319 624 reposcebat

265 647 364 709 locus.

306 752 344 812 ln
364 751 445 812 calce
462 750 591 811 demum
609 747 778 810 voluminis
799 749 930 830 reperies
952 762 983 812 et
1003 770 1074 832 quae
1087 748 1155 830 jam
1172 771 1317 832 praenun-

266 857 467 932 tiaveramur,
481 868 512 915 et
528 873 596 936 quae
614 869 650 916 tu
667 855 730 938 ipse
746 856 898 935 requiras,
919 856 1017 915 amice
1037 858 1167 931 Lector,
1185 877 1243 938 pro
1263 869 1318 917 tuo

266 962 422 1022 bonarum
434 960 592 1021 literarum
606 973 637 1019 et
650 971 835 1041 opportunae
848 956 997 1019 doctrinar
1012 959 1130 1021 studio:
1143 960 1248 1020 Vitam
1261 963 1318 1020 sci-

267 1066 338 1127 licet
349 1068 367 1126 J
370 1064 506 1127 uvenalis
516 1079 546 1126 et
558 1065 667 1140 Persii,
682 1065 913 1125 Dissertationet
927 1063 967 1125 dc
978 1063 1077 1128 Satira
1089 1066 1318 1140 Rornanorum,

266 1173 304 1234 de
316 1173 445 1234 satiricis
456 1173 672 1232 Romanorum
691 1173 805 1254 poetis,
821 1169 860 1231 de
874 1170 993 1232 diversa
1005 1173 1174 1234 Satirarum
1189 1171 1318 1249 Lucilii,

267 1281 406 1358 Horatii,
424 1280 536 1355 Persii,
555 1278 713 1340 Juvenalis
732 1277 853 1352 indole3
872 1280 1105 1360 exquisitissima
1120 1279 1194 1340 Elioe
1215 1279 1318 1340 Vineti

267 1387 305 1450 tie
317 1388 480 1462 comato,
491 1398 521 1446 et
532 1385 664 1446 Joannir
677 1385 846 1446 Britannici
859 1383 898 1445 de
908 1385 1209 1468 SatireFregmenta.
1228 1386 1318 1446 Acce·

267 1493 348 1555 dunt
359 1506 389 1554 et
401 1491 773 1574 catalogurooirionun,
787 1506 818 1554 et
828 1491 947 1554 Indices
958 1492 1053 1554 Penii
1064 1487 1159 1575 atque
1165 1492 1288 1554 Lucilii.

286 1627 290 1638 ·
307 1599 415 1677 Quum
431 1611 536 1660 autem
552 1599 741 1680 amplissima
755 1595 1015 1662 docunieirtorum
1030 1598 1118 1682 copia
1133 1598 1172 1659 ad
1187 1617 1318 1663 manum

268 1707 359 1768 nobie
370 1719 461 1784 eeeet,
473 1707 640 1770 debuimus
650 1706 760 1767 oblatis
772 1723 863 1789 perce
874 1708 938 1784 uti,
949 1726 1007 1773 nec
1019 1727 1157 1785 anonim,
1168 1719 1205 1768 ut
1216 1707 1317 1782 aiunt,

268 1811 438 1874 diundcrc.
460 1812 563 1874 Tuum
583 1813 656 1887 erit,
677 1812 776 1874 amico
795 1813 922 1889 Lector,
948 1801 1105 1894 judicare,
1131 1830 1209 1874 num
1235 1815 1317 1874 intra

265 1919 380 2000 jusum
398 1937 575 1980 mensnram
594 1919 838 1996 substiterimue,
858 1939 974 1981 nnmve
988 1921 1114 1981 tertium
1127 1918 1205 1980 illud
1225 1931 1255 1980 et
1268 1917 1317 1979 ul·

268 2027 383 2086 fimum
395 2025 551 2088 Juvenalie
569 2026 726 2106 Pereiique
741 2025 890 2088 voinnren
904 2027 1029 2103 eadem,
1049 2048 1110 2109 qua
1128 2039 1252 2102 crotera,
1266 2025 1317 2087 be·

269 2131 421 2212 nignitate
434 2131 490 2192 tibi
505 2132 544 2192 sit
563 2129 790 2215 excipiendum.
810 2129 905 2209 Quod
917 2131 1044 2215 quidem
1059 2145 1090 2192 ct
1099 2144 1250 2216 peropto,
1268 2143 1315 2206 et,

269 2253 305 2302 ut
316 2241 377 2302 nrei
389 2242 527 2303 constitui
538 2261 628 2317 arcnr,
644 2260 752 2322 spem:
1273 2233 1275 2238 ’

393 2547 509 2602 Scribob.
520 2549 599 2601 Perit.
612 2547 655 2602 die
664 2545 748 2620 April.
758 2548 836 2619 prim.
847 2566 891 2600 an.
911 2547 991 2613 1830,

974 2897 1013 3002 N}
1041 2937 1079 3002 E.
1105 2935 1266 3002 Lauerna.
