3056 4856
291 389 333 456 88
464 390 619 454 VARIAE
642 387 915 456 LEGTIONES
937 389 1000 454 ET
1022 387 1160 456 NOTAE

289 516 369 568 minis
387 515 588 586 impudentiam.
602 545 638 556 —
654 515 755 568 limeris
772 513 903 568 auriculas
920 516 1043 578 demus,-
1064 516 1166 584 facete,
1188 517 1294 572 scilicet
1314 533 1347 573 ut

290 596 433 649 exaudiant
442 613 533 668 preces
542 609 602 649 tuas
614 595 750 648 sacrificiis
757 634 766 662 ‚
777 607 905 668 tanquam
915 597 1043 662 mercede,
1057 597 1193 650 conducti.

324 701 391 754 Nos.
406 701 450 756 30.
466 701 598 754 Pulmone
608 713 634 754 et
648 699 755 755 lactibus
765 703 865 756 unctis?
873 733 909 745 —
918 705 1010 756 Monet
1022 701 1199 757 casaubonus
1211 703 1268 758 haec
1282 725 1346 762 esse

289 800 306 833 n
313 781 447 852 prioribus
455 779 602 854 separanda
611 793 637 832 et
645 799 705 833 cusu
714 783 922 854 interrogatione
932 782 1057 854 legenda;
1068 785 1160 858 sicque
1170 799 1262 838 monet
1270 789 1344 858 jure.

288 861 395 914 Summe
410 864 500 914 ironiae
513 863 552 915 vis
566 876 618 928 est,
633 880 714 933 quum
727 865 870 934 interroget
883 865 994 934 impios,
1010 883 1043 916 en
1057 877 1159 918 tantum
1175 864 1244 917 cilici
1258 887 1347 938 posse

287 959 336 1012 per
345 940 486 993 vilissimas
498 953 588 1011 partes
600 941 765 993 victimarum
777 941 950 1008 arbitrentur,
961 956 990 994 ut
1000 941 1065 994 deos
1075 942 1230 996 conducant
1241 957 1268 996 et
1281 964 1346 997 cor-

286 1033 419 1091 rumpant.
428 1018 617 1086 -Pulmone,
632 1039 663 1072 ex
678 1018 800 1093 pertibus
814 1019 908 1072 hostire
922 1038 981 1092 quse
995 1021 1327 1077 cremensium-lacus
1335 1047 1346 1088 ,-

285 1097 389 1151 Nonius
402 1101 431 1150 iu
444 1098 504 1150 lac:
521 1099 599 1152 lactes
613 1101 734 1152 intestina
748 1100 882 1162 dicuntum·
897 1102 973 1172 quasi
986 1115 1076 1174 partes
1089 1099 1156 1154 lactc
1167 1097 1345 1154 candidiores

286 1191 311 1229 ct
325 1178 468 1232 molliores.
482 1209 518 1220 -
535 1179 637 1248 Unctis,
649 1179 676 1232 id
687 1193 740 1246 est,
749 1179 828 1232 lautis
841 1193 868 1233 et
877 1181 1032 1253 pinguibus.
1044 1181 1133 1235 Lactes
1144 1196 1170 1235 et
1178 1181 1270 1255 pulmo
1281 1202 1345 1236 me·

284 1262 408 1331 tonymiae
419 1274 481 1314 snut
493 1279 542 1334 pro
556 1260 718 1336 quibuslibet
728 1261 852 1333 partibus
864 1261 995 1316 intestinis
1008 1261 1173 1316 lautioribus.

315 1438 377 1485 Vsu.
387 1438 425 1485 3ι.
434 1441 560 1496 Praescia,
567 1448 608 1486 aut
615 1449 715 1487 metuens
722 1441 798 1488 άὲυυηι
807 1448 935 1488 matertesu.
942 1441 1031 1488 -llec
1038 1439 1126 1488 habeut
1135 1439 1241 1505 plerique
1246 1441 1343 1500 MMS„

284 1521 471 1572 receperuntque
481 1509 592 1557 editores.
602 1510 681 1558 Codex
690 1526 748 1557 vero
757 1512 818 1575 8272
829 1511 877 1558 edit
887 1509 950 1556 haud
959 1527 1003 1573 pro
1013 1521 1067 1567 aut,·
1078 1511 1155 1574 quod,
1168 1514 1211 1560 etsi
1221 1512 1278 1560 mihi
1287 1527 1343 1559 nou

283 1581 405 1644 recipitur,
417 1595 496 1645 potest
507 1593 584 1630 tumen
595 1582 701 1646 intelligi.
721 1585 781 1629 Auia
793 1591 914 1629 matertera
926 1581 989 1629 haud
999 1593 1100 1630 meluens
1113 1585 1202 1641 diuum,
1217 1583 1281 1647 qnod
1291 1586 1342 1632 sci-

283 1657 338 1705 lieet
348 1655 498 1718 ineptissimis
510 1655 557 1700 suis
568 1654 656 1701 artibus
667 1654 777 1701 contidst.
792 1655 875 1718 Neque
887 1651 992 1715 illepidus
1003 1655 1097 1718 quidem
1108 1669 1190 1702 sensns
1199 1666 1241 1702 est.

318 1753 388 1806 Nor.
409 1752 451 1805 31.
466 1752 534 1804 Ecce
548 1751 624 1816 auia,
641 1763 690 1803 aut
703 1760 820 1803 metuens
838 1747 927 1802 diuum
947 1760 1094 1802 matertera.
1106 1751 1219 1804 -Ecce
1235 1750 1342 1805 indicat

284 1845 419 1885 auctorem
434 1830 468 1883 ad
482 1829 560 1882 aliam
575 1842 678 1901 purtem
693 1829 783 1901 operis
795 1832 925 1882 transire:
941 1847 996 1880 non
1009 1827 1090 1882 semel
1104 1829 1131 1881 iu
1144 1830 1281 1901 superiore
1292 1849 1342 1884 su-

283 1913 334 1964 tira
349 1910 378 1963 id
390 1929 474 1982 genus
490 1910 654 1961 transitionis
669 1910 865 1961 annotavimus.
875 1911 960 1975 Vota,
978 1925 1036 1978 quse
1053 1927 1124 1960 nunc
1139 1909 1207 1962 ridet
1218 1911 1340 1978 Persius,

285 1991 512 2062 nuncupabantur
526 1991 604 2044 certis
614 1987 723 2056 diebus,
738 1988 848 2040 lustrico
862 1989 1009 2060 presertim
1024 2002 1050 2041 et
1062 1989 1191 2042 nominali
1205 1989 1249 2043 die
1264 1991 1340 2062 apud

283 2073 433 2138 Romanos,
456 2083 551 2122 octavo
569 2088 665 2141 nempe
681 2069 715 2122 ab
733 2082 794 2122 ortu
810 2088 860 2141 pro
882 2067 992 2140 puellis,
1015 2088 1088 2122 nono
1104 2089 1152 2141 pro
1167 2072 1266 2142 pueris.
1275 2072 1338 2126 Vid.

283 2151 412 2206 Alexand.
422 2152 509 2222 Nesp.
520 2151 631 2203 Dierum
642 2150 759 2202 Genitat.
772 2148 818 2203 lib.
829 2151 866 2218 11,
878 2169 939 2222 cap.
949 2166 1010 2202 xxv.
1018 2150 1143 2217 -Auia,
1156 2153 1245 2222 potius
1256 2168 1340 2222 quam

282 2249 380 2306 pareus
390 2234 462 2306 ipsa,
475 2229 672 2304 adaugendum
683 2228 841 2297 ridiculum,
853 2231 876 2282 si
887 2249 954 2282 anus
963 2229 1051 2282 vetula
1063 2243 1186 2301 ponatur.
1194 2231 1340 2284 -Mater-

283 2324 349 2380 tem,
362 2331 437 2365 soror
449 2312 554 2376 metris,
566 2314 641 2381 quasi
653 2320 738 2362 mater
747 2308 882 2362 alteru-
891 2311 1013 2362 Metuens
1023 2309 1129 2376 diuum,
1143 2312 1336 2381 superstitiosa.

282 2391 458 2446 casaubonus
473 2389 507 2444 nd
522 2389 595 2444 bunc
610 2387 700 2440 locum
711 2410 717 2438 :
735 2410 746 2433 s
757 2387 933 2441 conveniebat
944 2386 978 2439 ad
989 2387 1134 2440 nominalis
1143 2389 1230 2440 omnis
1240 2407 1339 2461 cogna-

282 2474 320 2526 tio
330 2495 336 2524 :
346 2472 478 2525 lustrandi
488 2483 576 2543 partes
586 2470 701 2543 propriso
711 2469 854 2539 pistricum
863 2467 1081 2520 muliercularum
1091 2469 1179 2530 fuere;
1193 2487 1251 2540 que
1261 2481 1338 2521 erunt

284 2571 351 2606 anus
370 2567 497 2619 recoctio,
514 2549 719 2606 circumferendi
737 2563 763 2602 et
775 2552 894 2602 omnium
908 2551 1007 2602 rituum
1018 2547 1126 2601 illorum
1141 2552 1338 2621 superstitioso·

283 2650 341 2684 rum
354 2634 463 2703 perite:
477 2629 634 2684 Plutarchus
651 2631 678 2681 in
695 2629 764 2682 libro
782 2629 816 2682 de
833 2630 1042 2701 superstitione,
1058 2629 1143 2698 γραίας
1153 2629 1337 2699 respuampin,

286 2711 380 2781 sepius
392 2711 523 2762 nominat.
535 2733 546 2757 ι
560 2711 651 2761 Horat
665 2711 714 2780 Ep.
727 2713 751 2776 l,
762 2709 792 2774 4,
804 2709 837 2774 8:¹

486 2805 544 2865 Quid
552 2815 627 2850 soseat
634 2803 693 2850 dulei
700 2804 811 2851 duumuir
818 2803 892 2862 mqjus
900 2803 1005 2848 nlumnnt

316 2901 385 2953 Nor.
406 2899 453 2966 32,
469 2898 511 2950 33.
537 2900 617 2950 Cunis
627 2898 737 2951 Exemit
746 2917 876 2969 puerum,
885 2898 1067 2971 frontemque,
1079 2909 1159 2973 atque
1174 2901 1225 2953 uda
1238 2898 1335 2954 labella

281 2979 386 3051 lufami
401 2977 484 3051 digito
495 2988 522 3029 et
530 2976 677 3031 lustralibus
690 2989 752 3031 ante
761 2977 849 3030 saliuis
859 2977 965 3048 Expiat.
974 2979 1121 3030 -Exemit
1129 2979 1201 3032 cunis
1208 2997 1334 3051 puerum,

281 3060 384 3114 scilicet
394 3073 423 3110 ut
433 3077 548 3131 presens
559 3061 695 3112 sisteretur
704 3058 738 3112 ad
747 3076 832 3124 sacra,
842 3075 899 3130 quar
907 3076 957 3130 pro
965 3061 1049 3130 ipsius
1060 3059 1144 3112 salute
1152 3074 1208 3113 tum
1218 3059 1274 3112 aliis
1283 3059 1334 3113 diis

281 3141 437 3212 deabusque
453 3139 566 3206 fiebant,
585 3155 641 3192 tum
658 3143 740 3192 etiam
756 3139 812 3192 dese
822 3142 944 3207 Cuninse,
961 3153 987 3191 et
1000 3140 1136 3207 Pilumno,
1154 3154 1179 3194 et
1193 3143 1335 3207 Picumno,

282 3237 340 3294 quae
351 3221 461 3293 propria
474 3233 549 3272 erant
559 3221 702 3272 infantium
715 3222 832 3272 numina.
841 3221 1056 3293 -Flontemque
1067 3231 1147 3293 utque
1158 3222 1210 3273 uda
1221 3219 1316 3272 labella
1323 3259 1333 3286 ,

281 3299 386 3352 felicius
402 3297 516 3366 indicat,
529 3317 581 3371 qua
597 3297 737 3351 sedulitate
754 3309 781 3350 et
795 3299 925 3366 imntem,
941 3309 967 3351 et
982 3298 1071 3366 labra,
1084 3309 1110 3352 et
1121 3298 1334 3352 honestissimam

281 3397 415 3452 quamque
432 3392 535 3450 partem
553 3381 606 3432 uris
619 3378 713 3432 vetulae
727 3382 783 3432 istc
797 3381 989 3451 expiarent.-
1000 3381 1071 3448 Uda,
1086 3379 1225 3453 epitheton
1241 3391 1334 3451 aptum

279 3461 423 3514 infantium
437 3460 526 3513 labris.
541 3491 577 3504 —-
591 3461 696 3532 Infanti
704 3461 785 3534 dipito
801 3473 827 3513 et
836 3459 983 3515 lustratibus
993 3460 1094 3528 saliuis,
1105 3461 1189 3532 figura
1202 3472 1242 3512 est
1253 3457 1333 3532 vulgo

279 3541 353 3594 dicta
371 3539 394 3595 ir
412 3537 455 3595 ua*
467 3539 536 3596 louis.
552 3540 657 3612 infami
669 3542 767 3616 dipito,
784 3541 873 3594 medio
888 3542 1002 3606 scilicet;
1021 3544 1045 3594 is
1064 3555 1121 3596 erat
1136 3540 1256 3612 infamis,
1271 3542 1334 3611 quin

280 3639 335 3673 non
352 3619 407 3672 alise
426 3637 466 3673 res
482 3622 536 3672 uisi
551 3620 689 3692 probrose
706 3623 877 3692 porrectione
893 3622 973 3691 hujus
991 3621 1068 3692 digiti
1086 3619 1283 3674 indicabantur.
1297 3649 1334 3660 --

279 3699 541 3762 Lustmlibussaliuis,
553 3703 580 3752 in
588 3700 783 3772 expiationibus
794 3701 915 3755 adhibita
926 3715 982 3756 erat
992 3701 1083 3754 saliva.
1093 3699 1331 3754 Observaeosdens

279 3781 364 3834 ferme
381 3781 446 3835 risus
461 3782 489 3831 in
504 3779 548 3832 die
559 3779 670 3833 lustrico
687 3795 713 3832 ct
726 3781 856 3834 nominali
872 3783 1007 3834 veteribus
1020 3782 1102 3833 fuisse
1113 3793 1273 3851 usurpatos,
1286 3779 1332 3850 qui

281 3859 441 3912 adhibentur
456 3862 483 3912 in
498 3859 631 3932 baptismo
648 3859 862 3914 christianorum.
875 3893 911 3903 -—
922 3861 992 3914 Ante
1006 3863 1111 3933 expiat,¹
1126 3859 1226 3913 scilicet
1243 3860 1333 3931 expia·

279 3939 359 3992 tlonis
378 3941 443 3992 ritus
462 3941 577 4011 primum
595 3939 776 4006 adhibebant,
795 3939 858 3993 dein
874 3954 935 3995 vota
950 3940 1001 3992 diis
1018 3939 1152 3992 iaciebant
1168 3958 1219 4010 pro
1236 3955 1330 4011 puero.

279 4016 433 4087 Opponitur
442 4029 504 4070 ante
515 4015 550 4069 ud
562 4029 634 4087 tunc,
648 4018 722 4089 quod
733 4017 814 4090 paulo
826 4019 895 4071 inira
904 4019 1252 4089 insequitur.-Petronius,
1265 4017 1311 4070 131
1323 4037 1329 4066 ι

282 4117 293 4141 ι
304 4097 365 4146 Mos
377 4097 514 4150 turbatum
525 4109 599 4172 sputo
610 4096 746 4172 pulverem
757 4099 841 4152 medio
854 4097 961 4152 sustulit
972 4097 1052 4171 diqito
1060 4094 1232 4168 frontemque
1240 4096 1330 4165 signs-
