3056 4856
300 413 344 498 94
475 403 629 468 vantra
653 396 926 464 anemonas
950 397 1012 460 aa
1036 395 1172 460 noan

300 537 397 590 solet·
412 533 486 584 lianc
498 526 702 600 explicationem
718 541 768 595 ego
781 535 888 574 secutus
905 539 980 588 sum,
1001 537 1089 590 neque
1106 538 1216 573 moveor
1229 539 1261 574 eo
1278 522 1356 594 quod

301 628 391 673 mouet
412 613 522 682 Koenig,
543 607 659 660 excutiat
675 615 763 679 puttas
781 602 815 655 de
835 603 933 654 sudore
951 621 1008 654 aon
1025 619 1105 672 posse
1124 599 1248 672 intelligi,
1268 621 1356 674 quum

297 707 352 774 jam
365 693 526 772 precesserit
537 689 618 742 sudes.
633 688 702 738 Nam
715 704 747 738 ea
758 703 809 736 vox
820 685 893 736 sudes
904 681 970 734 nibil
982 681 1054 734 aliud
1067 682 1198 753 signifieat
1210 701 1292 754 quam
1306 697 1356 736 m-

299 783 384 856 pides,
402 787 502 840 nantes,
525 788 582 843 quae
594 787 636 820 ree
653 765 734 838 paulo
747 766 833 818 fusius
848 777 874 816 et
886 765 1005 817 ornatius
1019 776 1104 834 postte
1116 763 1167 814 fuit
1179 764 1357 835 exprimenda

300 881 348 934 per
359 879 390 912 ea
402 875 460 929 quae
472 861 655 922 sequerentur.
671 845 748 898 Adde
759 842 832 916 quad
845 863 875 896 es
885 863 946 917 par,
957 837 1160 915 corporisowde,
1168 845 1356 914 potissimum,

301 961 358 1014 qnae
367 936 535 1012 potissimum
546 939 754 982 commoveatur.
766 929 823 978 Hoc
836 939 924 978 autem
936 924 997 976 loco
1007 937 1129 976 moretur
1140 941 1185 974 cor
1193 935 1219 975 et
1228 923 1355 995 trepidas.

335 1049 404 1100 Nor.
423 1041 466 1095 55.
482 1039 554 1090 Hine
567 1033 639 1086 illud
650 1033 742 1098 subiit,
759 1051 823 1086 auro
839 1049 922 1082 sacrm
932 1029 1003 1103 quoti
1015 1030 1235 1090 ovata.-Hiac,
1248 1033 1314 1102 quia
1328 1045 1356 1082 ru

300 1129 381 1181 homo
396 1133 535 1190 tantopere
553 1131 619 1165 auro
635 1125 662 1164 et
677 1111 755 1163 donis
774 1107 1046 1163 detenentia-dilue
1059 1109 1139 1160 subiit
1145 1129 1154 1170 ,·
1170 1107 1223 1160 hoe
1238 1110 1312 1162 venit
1328 1112 1356 1160 jn

300 1220 430 1268 mentem,
446 1198 598 1271 proiectum
614 1211 647 1245 ex
663 1191 899 1244 errore-Ovum
913 1207 991 1251 auro,-
1003 1187 1120 1260 intellige
1136 1191 1276 1261 pecuniam
1294 1207 1357 1261 qun

301 1309 333 1342 ex
342 1283 430 1360 praeda
440 1276 545 1331 vendita
554 1271 699 1326 victoribus
709 1271 823 1323 ducibus
833 1268 1021 1342 colligebatun
1034 1267 1172 1322 manubias
1182 1268 1356 1340 appellatum

301 1365 442 1422 simulacra
461 1371 487 1410 et
503 1357 631 1426 imagines
651 1353 688 1404 sic
706 1353 734 1403 in
751 1350 856 1422 templis
875 1363 986 1401 erector.
1004 1349 1034 1399 ln
1050 1349 1161 1420 fastigiis
1178 1349 1231 1399 fori
1246 1350 1356 1418 Trajani

302 1445 442 1501 simulacra
455 1449 517 1491 sunt
531 1437 580 1488 site
596 1434 697 1484 circum
711 1428 830 1502 undique
846 1431 967 1480 inaurata
981 1445 1111 1499 equorum
1126 1439 1206 1498 atque
1218 1431 1356 1500 signorum

300 1525 470 1586 militarium,
482 1515 716 1585 subscriptumque
729 1522 768 1562 est
779 1531 794 1561 e
805 1510 943 1562 manubiis.
957 1509 1020 1578 Ejus
1033 1509 1071 1560 rei
1084 1506 1204 1580 exempla
1215 1511 1355 1561 innumera

302 1607 383 1660 habet
394 1606 506 1655 Roman.
520 1595 644 1655 laistoria;
660 1590 708 1643 sed
719 1608 815 1642 aarum
828 1607 860 1643 ox
871 1589 949 1642 hoste
962 1601 1071 1659 captum
1085 1588 1258 1658 scriptoribus
1274 1589 1355 1660 vulgo

302 1686 400 1740 dicitur
417 1681 508 1754 potius
528 1673 716 1745 triumphatum
734 1689 816 1742 quam
835 1681 950 1723 ovatum.
970 1667 1030 1720 Vid.
1051 1666 1110 1720 Aul.
1129 1667 1196 1720 Gen,
1217 1669 1354 1736 3111’23¹

304 1765 413 1831 Ovatia,
430 1762 517 1813 minor
534 1750 700 1823 triumphus,
719 1751 756 1802 sic
776 1748 863 1815 dicta,
883 1759 913 1799 ut
927 1745 1062 1798 nonnullis
1077 1746 1178 1818 placet.
1199 1749 1261 1819 quia
1280 1749 1308 1799 iu
1324 1767 1354 1800 θ,

302 1843 469 1899 mactabatur
479 1837 547 1901 ouis,
559 1832 610 1884 bos
624 1833 653 1882 in
666 1828 759 1881 altero.
772 1827 843 1881 Male
856 1825 965 1897 qnidam
976 1825 1114 1879 deducunt
1127 1836 1232 1878 οιαιιιιιι
1245 1826 1280 1879 ab
1291 1845 1355 1892 era,

303 1925 377 2001 quod
390 1941 448 1996 quse
461 1923 618 1972 incusantur
629 1911 704 1982 prius
713 1910 756 1961 oui
768 1909 829 1961 albo
839 1906 987 1960 illinuntur.
1002 1907 1089 1974 Quam
1100 1905 1200 1958 trasna
1212 1919 1304 1960 tuetur
1313 1911 1356 1961 in-

303 2003 524 2078 terpretationem
535 1992 711 2066 Britannicus.

338 2105 406 2156 Nor.
422 2097 464 2154 56.
473 2091 598 2149 Pertlucis
599 2083 858 2161 facien-Perduci
864 2084 973 2156 proprie
981 2081 1356 2158 ‹licunturimagiaesegqpso

304 2195 331 2237 et
346 2195 491 2244 marmore,
509 2190 565 2226 non
582 2189 614 2223 ex
631 2186 711 2234 auro,
727 2163 769 2218 rel
781 2184 892 2230 erere,
907 2163 1090 2217 velemetallo
1102 2164 1231 2236 quolibet.
1247 2167 1355 2218 Dictum

303 2275 344 2318 est
355 2262 436 2333 igitur
444 2257 496 2308 hoe
506 2253 567 2306 loco
578 2246 775 2320 metaphorice,
787 2247 809 2296 si
819 2243 899 2296 morlo
910 2243 975 2314 quid
985 2244 1099 2315 amplius
1109 2264 1139 2298 ea
1148 2263 1200 2297 vox
1212 2244 1342 2317 significat
1348 2285 1356 2311 ‚

206 2332 209 2340 .
305 2362 385 2418 quam
398 2338 533 2402 oblinere,
547 2334 678 2384 inaurare.
687 2327 819 2379 -Sacras
827 2324 926 2396 facies,
937 2321 1050 2376 dearum
1061 2343 1158 2397 nempe
1169 2326 1303 2398 imagines.

339 2452 407 2502 Noa.
423 2447 467 2517 57,
478 2445 519 2498 58.
530 2443 603 2495 Nam
608 2437 706 2511 fratres
716 2433 887 2487 interabenas
894 2433 1003 2485 Somnia
1011 2433 1108 2504 pituita
1118 2431 1164 2505 qni
1171 2432 1355 2507 ,emmim

303 2527 533 2584 mittunt-Rem
544 2515 664 2587 exemplo
675 2513 781 2586 planius
794 2510 916 2583 explicat.
926 2511 1009 2576 Nam,
1020 2509 1133 2581 exempli
1144 2511 1242 2580 gratia,
1253 2513 1355 2581 inquit,

305 2623 368 2664 sunt
380 2611 408 2661 in
421 2603 551 2677 Apollinis
564 2597 676 2650 Palatini
688 2597 792 2666 porticu
806 2593 997 2666 quinquaginta
1011 2591 1116 2664 AEgqpti
1129 2590 1243 2644 filiorum
1256 2591 1355 2662 effigies

305 2699 464 2744 consecrata
476 2699 568 2736 omnes
581 2697 612 2730 ex
622 2697 685 2742 ere,
700 2675 841 2727 ethonore
857 2676 928 2746 pari:
942 2689 1048 2738 verum,
1064 2675 1085 2724 si
1101 2691 1259 2744 persuasum
1275 2673 1355 2726 alicui

304 2773 396 2836 fuerit,
407 2767 571 2820 severiorem
581 2756 733 2811 incubando
744 2756 935 2807 divinationem
948 2771 1005 2805 esee
1016 2767 1187 2806 consecutum
1197 2755 1288 2826 (quam
1297 2773 1355 2806 rem

304 2854 361 2908 fieri
372 2864 472 2902 veteres
487 2839 710 2907 arbitrabantur),
722 2835 804 2908 idque
815 2837 945 2887 existimat
955 2835 1054 2886 factum
1066 2835 1147 2887 fuisse
1157 2839 1246 2910 potine
1258 2835 1354 2887 borum

305 2947 431 2994 munere,
444 2941 524 2996 quarn
538 2920 660 2982 illorum,
674 2919 696 2968 ie
707 2914 772 2981 bos,
785 2931 850 2988 quos
861 2912 913 2966 sibi
921 2915 1052 2986 propitios
1062 2913 1161 2980 credit,
1176 2916 1285 2967 instituit
1298 2915 1356 2966 sin-

305 3011 389 3088 gulari
400 3009 503 3060 bonore
513 3020 565 3074 prae
574 3000 675 3051 ceteris
684 2997 791 3050 afficere
806 3009 832 3046 et
845 3012 910 3046 auro
922 2994 1018 3046 colere.
1036 2994 1146 3047 Barbam
1159 2997 1238 3066 igitur
1248 2993 1354 3048 auream

304 3091 356 3146 illis
366 3084 471 3159 jubebit
484 3080 592 3152 apponi.
605 3081 655 3129 Pro
664 3074 793 3147 fratribus
804 3069 895 3124 alienis
911 3071 998 3143 placet
1013 3071 1171 3144 quibusdam
1186 3090 1242 3126 esse
1255 3072 1355 3126 intelli-

305 3171 406 3248 gendos
417 3166 481 3218 deos
492 3177 597 3225 ornnes,
608 3159 654 3231 qui
666 3171 835 3208 communem
845 3165 955 3204 matrem
968 3171 1090 3224 magnam
1101 3151 1218 3206 habeant
1228 3155 1355 3225 Berecyn-

306 3251 397 3305 thiam.
415 3246 467 3299 Alii
483 3259 537 3294 non
553 3255 644 3290 omnes
660 3233 828 3302 intelligunt,
842 3231 889 3284 sed
903 3251 949 3284 eos
963 3245 1082 3298 tanturn,
1096 3251 1211 3305 quarum
1224 3246 1312 3286 essent
1326 3233 1354 3283 in

306 3322 509 3396 eodemtemplo
518 3329 626 3381 stataae3
639 3315 684 3368 alii
693 3328 819 3387 penates,
832 3314 878 3386 qui
890 3314 916 3364 in
927 3310 1020 3365 eadem
1031 3310 1131 3364 familia
1145 3311 1304 3376 colerentur,
1317 3315 1355 3364 ita

307 3426 336 3466 ut
350 3411 425 3483 quasi
432 3407 528 3480 fratres
539 3411 642 3460 essent3
658 3397 702 3449 alii
713 3395 824 3447 Castora
835 3407 861 3446 et
871 3390 1022 3461 Pollucem,
1034 3411 1146 3465 quorum
1153 3393 1272 3464 fratrum
1284 3390 1355 3445 ardes

306 3495 395 3546 Romae
406 3491 455 3542 fuit
467 3482 654 3542 celeberrima3
667 3477 727 3545 alii,
740 3477 874 3548 iidemque
887 3493 1000 3527 numero
1013 3487 1039 3526 et
1055 3475 1214 3526 auctoritate
1225 3475 1354 3544 majores,

215 3611 221 3632 ι
307 3577 438 3627 Aaronem
455 3563 539 3622 secuti
556 3563 631 3631 cujus
647 3559 766 3610 meminit
780 3559 914 3611 Cornutus
922 3557 934 3621 ,“
945 3556 1136 3628 quinquaginta
1152 3566 1258 3606 censent
1272 3553 1355 3604 fuiss,

306 3667 407 3706 statuas
424 3635 576 3701 Danaidum
594 3643 621 3691 in
641 3640 745 3710 portica
759 3633 889 3707 Apollinis
906 3633 1034 3701 Palatini,
1052 3647 1078 3685 et
1095 3631 1204 3685 totidem
1219 3643 1355 3704 equestres

307 3734 417 3789 511ῧῦῑο
428 3729 543 3781 flll⁰fflm
553 3721 672 3796 AEgyplli
686 3739 717 3770 01
731 3717 820 3790 quibs&
836 3717 929 3767 statuis
941 3714 1062 3786 quedam
1074 3713 1293 3766 existimabantur
1303 3732 1356 3784 po-

307 3810 468 3867 atalantibus
486 3827 545 3860 uera
557 3801 659 3857 somnia
676 3797 796 3864 immitti,
814 3810 894 3867 atque
910 3795 1006 3847 borum
1027 3796 1062 3847 ait
1078 3796 1177 3846 Noster
1192 3793 1356 3864 praecipuum

213 3941 215 3946 .
307 3913 365 3947 esse
375 3889 489 3953 cultum,
499 3887 655 3955 barbamque
664 3879 780 3930 inaurari
790 3876 823 3928 ab
833 3878 878 3942 iis,
890 3877 935 3946 qui
945 3873 1010 3926 nibil
1019 3885 1114 3944 preter
1123 3885 1225 3924 terrena
1235 3873 1356 3941 sapiunt,

308 3990 408 4043 suaque
428 3969 478 4020 tliis
495 3982 604 4017 munero
620 3960 713 4012 volunt
732 3955 887 4028 rependere.
905 3958 1025 4024 Propert.
1041 3953 1080 4016 ll,
1096 3952 1144 4017 23,
1159 3967 1168 4001 ι
1182 3970 1258 4022 sqq.;
1277 3949 1354 4002 Ovitl.

307 4053 386 4102 Trist.
400 4051 448 4114 lll,
460 4068 483 4112 r,
494 4049 527 4116 59
540 4036 916 4118 sqq.;Veteremscboliastem
926 4029 1141 4085 vide—Somnia
1152 4031 1250 4102 pituita
1260 4047 1356 4100 purpe-

309 4132 414 4184 tr'ssima.
423 4131 464 4183 Sic
475 4126 592 4200 appellat
603 4125 715 4194 figurate
725 4121 839 4182 somnia,
850 4135 907 4187 quse
918 4115 969 4165 sint
979 4111 1030 4164 lide
1041 4110 1208 4180 dignissima
1221 4111 1355 4162 serissima
