3052 4854
293 379 334 447 72
605 355 641 418 a.
667 349 824 416 rursu
850 350 1019 414 rnaccr

290 483 359 552 Bile
371 498 489 550 tumet.
502 481 601 547 Nerio
609 475 681 571 jam
692 477 790 544 tertia
799 471 957 543 conditur
967 478 1070 540 uxor!
1083 523 1090 538 .
1102 523 1109 538 .
1122 525 1129 539 .

291 601 372 664 Haec
383 607 497 663 sancte
508 607 547 658 ut
558 585 865 684 poscas,Tiberin0
877 587 913 652 in
925 586 1056 681 gurgite
1067 585 1191 676 mergis
1265 639 1271 654 ,
1312 591 1347 646 15

291 713 391 776 Mane
402 719 504 798 caput
514 703 566 772 bis
578 717 713 795 terque,
727 714 762 768 et
771 713 907 766 noctem
918 695 1059 764 flumine
1071 718 1208 788 purgas.

337 821 428 884 Heus
436 838 513 907 age,
526 810 712 904 responde:
724 811 904 876 minimum
917 822 968 876 est
979 805 1073 902 quod
1084 808 1170 876 scire
1182 803 1318 874 laboro:

288 931 338 995 De
349 932 431 995 Jove
443 923 525 1021 quid
537 925 664 992 sentis?
675 938 770 991 estne
782 935 820 988 ut
831 941 1029 1013 praeponere
1042 940 1139 988 cures

289 1021 1436 1106 Hunc...-cuinami-cuinami...visStaioi...—anscilicethaercs
1472 1074 1474 1081 r

287 1150 370 1235 Quis
381 1147 493 1241 potior
500 1143 791 1237 judex,puerisve
803 1143 878 1236 quis
890 1143 1001 1234 aptior
1014 1139 1126 1208 orbis?
1306 1181 1345 1218 20

288 1300 335 1310 -
346 1263 418 1325 Hoc
429 1257 546 1349 igitur,
560 1277 628 1350 quo
640 1270 678 1322 tu
690 1255 782 1321 Jovis
794 1276 913 1320 aurem
925 1249 1099 1344 impellere
1111 1267 1238 1334 tentas,

288 1371 350 1436 Dic
361 1366 507 1460 agedum
520 1367 625 1435 Staio:
639 1361 727 1457 proh
739 1365 889 1456 Jupiter!
903 1386 924 1430 o
936 1361 1040 1444 bone,
1051 1362 1188 1446 clamet,

288 1481 436 1572 Jupiter!
450 1493 485 1544 at
496 1501 570 1545 sese
581 1500 651 1545 non
663 1473 786 1544 clamet
796 1477 929 1567 Jupiter
939 1476 1037 1567 ipse?

289 1590 462 1682 ignovisse
472 1603 588 1681 putas,
603 1589 697 1681 quia,
710 1610 817 1680 quum
829 1600 939 1668 tonat,
953 1587 1046 1653 ocius
1058 1584 1125 1652 ilex

288 1700 421 1773 Sulfure
433 1698 612 1768 discutitur
622 1722 734 1781 sacro,
747 1721 851 1792 quam
862 1713 967 1792 tuque
980 1694 1194 1792 domusque?
1305 1707 1342 1760 ²5

289 1819 340 1880 An
353 1813 512 1906 quianon
525 1808 618 1877 fibris
630 1812 745 1877 ovium
756 1813 979 1902 Ergennaque
988 1805 1129 1899 jubente

288 1924 400 1990 Triste
408 1917 499 2012 jaces
511 1917 596 1987 lucis
609 1917 871 2010 evitandumque
882 1916 1048 2000 bidental,

288 2141 347 2200 sim
361 2139 506 2200 missione
516 2138 648 2198 donare!
661 2141 747 2198 miser
756 2138 841 2197 enim
855 2139 956 2200 scabie
967 2137 1089 2199 laborat
1105 2149 1136 2198 et
1149 2137 1212 2199 bile
1223 2150 1339 2216 mmet,

287 2259 357 2321 quae
372 2237 463 2297 illum
478 2235 625 2296 dilacerat
639 2234 747 2295 acrius.
763 2235 790 2294 0
796 2233 916 2318 filicem
932 2237 1075 2310 Nerium',
1092 2237 1146 2318 qui
1161 2235 1258 2296 tertiae
1271 2233 1339 2317 jam

288 2347 374 2420 paret
383 2335 540 2417 exsequias
549 2333 652 2394 uxori!
722 2331 808 2392 Talia
819 2346 856 2394 ut
867 2334 924 2394 rite
933 2334 1022 2416 etpie
1032 2353 1115 2408 ores,
1124 2333 1272 2395 manebis
1281 2347 1339 2394 ter·

289 2457 348 2517 que
358 2445 451 2516 caput
462 2435 575 2514 mergis
587 2433 620 2492 iu
631 2430 748 2492 Tiberis
757 2429 858 2508 unda,
870 2446 901 2493 et
909 2431 1013 2493 sordes
1023 2443 1114 2492 nocte
1123 2443 1296 2494 contractas
1304 2435 1338 2492 in

289 2533 419 2593 flumine
433 2531 545 2591 abluis.

331 2651 374 2711 ¹7·
396 2631 525 2688 Heustu
537 2627 861 2710 agedum,responde;
872 2629 1005 2688 minima
1014 2649 1061 2688 res
1071 2642 1115 2689 est
1124 2649 1219 2710 quam
1229 2631 1337 2691 rescire

285 2725 379 2786 velim
388 2737 449 2785 ate.
461 2724 596 2801 Quoetua
603 2735 647 2784 est
654 2723 774 2784 deJove
780 2721 948 2784 sententia?
956 2723 1111 2784 Estnetibi
1117 2724 1192 2786 deus
1200 2725 1251 2786 ille
1257 2726 1337 2786 tanti

286 2821 393 2904 pretii,
407 2832 442 2880 ut
453 2841 524 2880 eum
536 2819 611 2880 velis
625 2832 872 2900 anteponere...
887 2821 990 2880 -cui
1005 2821 1149 2883 tandem?
1161 2856 1201 2869 -
1216 2821 1338 2884 nuit...

286 2921 381 2978 Visne
395 2931 640 3000 anteponere...
654 2918 751 2994 Staio,
760 2917 838 2978 uerbi
846 2919 1006 3000 prutiaP...
1023 2954 1062 2966 -
1078 2920 1239 3002 Numquid
1248 2920 1338 2980 dubi·

286 3029 345 3091 tas,
357 3028 423 3075 uter
430 3015 470 3074 sit
475 3013 587 3075 melior
593 3011 702 3096 judex,
710 3027 779 3074 uter
786 3015 824 3074 sit
831 3015 930 3096 magis
937 3015 1069 3078 idoneus
1077 3018 1194 3099 pueris,
1204 3017 1258 3099 qui
1265 3029 1338 3077 sont

286 3114 387 3174 orbati
400 3111 600 3194 parentibus?
608 3145 647 3161 -
656 3114 740 3192 Ergo
750 3133 820 3193 age,
830 3125 940 3173 votum
949 3133 1012 3195 quo
1020 3116 1107 3174 Jovis
1117 3137 1207 3176 aures
1214 3116 1337 3176 conaris

286 3211 419 3287 flectere,
428 3207 487 3269 hoc
497 3210 599 3292 ipsum
608 3211 692 3292 apud
702 3211 820 3270 Staium
829 3209 965 3292 loquere.
977 3213 1064 3274 Certe
1072 3212 1125 3275 ille
1134 3213 1180 3274 vel
1188 3215 1337 3296 wanpos-

285 3311 374 3367 simus
386 3306 589 3368 exclamabit:
605 3305 688 3365 Proh
703 3309 837 3390 Jupiter!
853 3329 872 3368 o
887 3310 970 3370 bone
982 3312 1117 3392 Jupiter!
1130 3312 1223 3393 Atqui
1237 3309 1337 3371 exliou

285 3408 373 3466 ruerit
381 3407 480 3466 Staius
493 3417 518 3464 et
527 3405 626 3465 Jovem
639 3403 826 3486 appellaverit
838 3404 960 3467 ultorem
964 3433 976 3480 ‚-
985 3409 1051 3490 ipse
1058 3427 1132 3473 vero
1140 3409 1260 3491 Jupiter
1267 3427 1335 3468 non

286 3525 347 3564 sese
364 3501 567 3563 inclamabit?
590 3503 674 3562 Num
685 3514 719 3561 tu
734 3503 892 3564 arbitraris
908 3507 1019 3567 Jovern
1034 3505 1091 3566 tibi
1108 3505 1270 3567 indulsisse
1284 3527 1336 3567 ve·

286 3605 390 3680 niam,
402 3604 568 3685 quoniam,
582 3599 709 3682 quando
721 3604 816 3662 mittit
827 3602 977 3679 fulmina,
994 3627 1124 3686 quercus
1140 3607 1211 3687 igne
1227 3604 1335 3666 divino

285 3701 432 3762 discussas
444 3699 546 3775 vides,
560 3711 589 3760 te
601 3699 714 3780 sospite
724 3699 872 3781 salvaque
886 3701 982 3762 domo
997 3702 1069 3762 tua?
1082 3703 1164 3779 Quia
1180 3724 1246 3762 non
1255 3701 1336 3784 jaces

286 3819 339 3880 per
350 3798 436 3858 lucos
445 3797 530 3856 triste
542 3795 687 3870 cadaver,
699 3796 795 3855 ictum
807 3795 945 3880 fulgure,
956 3797 1136 3861 evitandum
1146 3799 1292 3860 omnibus
1305 3811 1337 3858 ct

286 3893 473 3974 expiandum
488 3891 637 3954 consultis
649 3893 757 3951 ovium
774 3894 849 3953 extis
864 3899 1041 3976 peractisque
1051 3895 1185 3956 omnibus
1196 3918 1262 3976 quae
1270 3895 1334 3976 jus·

287 3990 358 4048 serit
374 3991 533 4070 Ergenna,
551 3987 760 4072 illefirlpurum
771 3993 958 4071 peritissimus
974 4004 1157 4071 procursum,-
1171 4014 1249 4052 num
1265 3991 1334 4052 ideo
