3052 4854
285 444 328 524 4ο
459 441 613 506 VARIAE
635 439 908 506 LECTIONES
932 441 993 504 ET
1017 440 1153 506 NOTAE

282 568 358 638 quasi
370 567 434 619 nitra
448 565 582 637 dialogum
595 567 669 637 poni.
689 596 726 608 —
752 565 830 616 Unois
841 565 946 616 nuribus
957 583 1006 637 pro
1019 566 1096 628 noui,
1111 565 1328 634 subsannationi,

281 649 376 699 satire.
389 648 472 700 Nares
483 645 572 698 soluto
584 649 638 696 rien
650 643 845 696 contrahuntur
856 656 882 696 et
895 645 1079 707 incurvantur3
1092 644 1163 696 unde
1177 647 1330 718 uespendere

282 745 344 780 noso
353 725 455 779 adunco
465 737 492 776 et
501 724 637 798 indulgere
649 726 722 778 uncis
734 723 840 776 naribus
849 742 899 796 pro
909 723 1008 790 ridere,
1020 723 1149 776 deridere.

316 833 384 886 Nor.
398 833 490 902 4ι,4ι.
499 831 542 884 An
550 831 652 905 eritqui
659 831 825 884 vellereeuset
835 831 868 883 Os
874 829 1101 903 popuiimeruiue.
1109 861 1145 872 -
1153 829 1227 885 Veiie
1234 844 1330 885 renuet

279 914 375 964 fortine
387 914 527 982 veriusque
541 929 620 982 qnam
631 910 705 962 nolit.
715 941 752 951 -
765 911 799 963 Os
808 909 917 982 popuii,
929 911 1026 962 fernam
1039 925 1065 964 et
1077 910 1169 964 laudet
1179 911 1328 964 bominum.

259 985 266 998 ’
279 993 320 1045 Sic
336 993 433 1058 ferme,
447 993 518 1062 Virg.
539 992 636 1062 Georg.
649 992 698 1056 ΙΙΙ,
712 1007 749 1060 9:
773 990 888 1043 «Virum
902 989 1012 1043 volitare
1021 1009 1070 1061 per
1083 1008 1158 1043 ora.»
1175 991 1216 1044 sie
1228 1008 1329 1061 grece,

278 1071 339 1122 rior
349 1056 392 1123 bi
403 1067 518 1136 πὸμιτος
531 1061 600 1123 iuro.

314 1177 383 1228 Nor.
403 1175 448 1241 ia.
460 1177 495 1226 Et
503 1175 578 1226 cedro
586 1173 667 1248 diqno
676 1171 783 1226 loeutus.
794 1203 830 1214 -
841 1174 935 1240 Cedro,
946 1192 995 1245 pro
1008 1173 1069 1226 oleo
1081 1176 1184 1228 cedrino
1196 1176 1328 1245 posituim

279 1269 305 1309 et
316 1255 392 1308 cedro
401 1255 482 1330 digno
490 1253 639 1328 euntdigna
650 1271 709 1324 quae
720 1266 865 1320 serventur,
875 1253 953 1324 digna
964 1255 1168 1307 immortalitate.
1179 1255 1279 1306 Vitruv.
1290 1255 1328 1320 ΙΙ,

277 1353 303 1406 9.
323 1338 381 1387 «Ex
394 1335 468 1387 cedro
478 1334 581 1400 oleum,
597 1332 671 1404 quod
679 1334 811 1386 cedrinum
828 1333 933 1400 dicitur,
946 1337 1072 1399 nuscitur,
1085 1352 1138 1405 quo
1151 1331 1256 1404 reiiqttae
1270 1351 1328 1402 reo,

279 1432 361 1486 quum
374 1427 436 1466 tunt
447 1427 548 1479 unctu,
559 1427 589 1465 nt
599 1415 680 1466 etiem
688 1411 761 1480 libri,
772 1431 786 1464 a
797 1414 873 1467 tineis
886 1425 913 1466 et
922 1433 937 1466 a
947 1417 1017 1467 carie
1026 1432 1081 1467 non
1091 1413 1250 1466 luduntum
1263 1415 1327 1465 lior.

278 1496 306 1546 in
318 1497 397 1560 Arte,
408 1494 529 1566 332uqq.

611 1571 927 1630 ...Speremutearminnflngi

480 1641 543 1683 Poene
550 1638 638 1682 iinendn
644 1640 722 1688 cedro,
732 1649 755 1682 et
761 1638 806 1682 tavi
815 1639 920 1681 servanda
927 1645 1042 1697 cupresso?

280 1713 357 1766 Unde
367 1714 450 1786 iiqnet
460 1733 515 1767 non
528 1713 616 1765 oleum
628 1725 746 1780 tantum,
758 1712 804 1766 sed
815 1726 841 1765 et
852 1731 944 1786 captat
959 1733 990 1766 ex
1004 1716 1035 1768 iit
1046 1712 1123 1784 lignis
1137 1714 1218 1766 frusto
1229 1714 1328 1782 factat,
1427 1740 1430 1748 ·

279 1797 306 1844 in
318 1792 414 1865 quibus
424 1791 497 1845 libris
508 1805 713 1845 asservarentur.
752 1799 755 1804 '

314 1899 382 1952 Nor.
394 1899 436 1968 43.
448 1899 577 1972 Linquere
586 1917 633 1952 nec
642 1899 769 1952 scombros
777 1901 918 1951 metuentia
928 1901 1059 1966 cannino,
1071 1919 1117 1952 nee
1127 1898 1193 1952 titus.
1201 1899 1328 1952 -Seom-

279 1981 330 2046 ber,
344 1983 426 2052 piscia
435 1982 560 2033 marinus.
573 1978 639 2030 Plin.
648 1981 710 2048 maj.
723 1980 755 2029 H.
768 1979 802 2028 N.
812 1979 912 2046 XXXI,
923 1999 943 2031 ι.
953 1980 995 2046 43.
1005 2011 1039 2020 -
1049 1979 1132 2044 Titus,
1145 1997 1198 2050 quo
1209 1978 1243 2032 ud
1254 1997 1328 2032 soora

280 2072 306 2110 ot
318 2057 352 2111 ad
361 2059 425 2112 aliae
434 2078 477 2112 res
487 2058 640 2112 utebantur.
652 2058 716 2110 Muli
728 2071 774 2110 aut
783 2062 880 2111 vetusti
891 2059 951 2111 libri
961 2058 996 2112 ed
1008 2077 1053 2111 eos
1065 2059 1220 2111 recidebant
1228 2061 1273 2130 qui
1283 2077 1327 2110 eae

279 2155 380 2190 meroes
391 2136 556 2205 vendebant,
569 2137 793 2209 quemadmodum
806 2140 886 2191 etiam
900 2157 970 2190 nuuc
984 2139 1038 2189 fleri
1047 2138 1124 2191 tolet.
1140 2137 1235 2190 Cetuil.
1249 2139 1327 2203 XCV,

280 2217 310 2278 ὃς
323 2216 437 2268 Martiai.
449 2219 500 2284 ΙΙΙ,
513 2216 570 2284 n‚3
586 2219 704 2291 tqq31V,
717 2217 761 2286 87,
774 2218 799 2270 8.

314 2325 384 2376 Nor.
402 2325 454 2392 44,
468 2323 512 2394 69.
529 2327 605 2392 Jam,
625 2334 726 2377 remota
740 2327 841 2391 ironia,
857 2324 955 2376 Noster
966 2335 1081 2375 mentem
1094 2340 1169 2377 tuam
1185 2325 1284 2394 operit3
1298 2343 1328 2376 se

279 2403 364 2456 iaudit
383 2403 491 2476 quidem
508 2404 626 2458 studium
644 2423 699 2456 non
712 2404 879 2476 improbare,
896 2403 942 2456 aod
955 2421 1053 2474 negare
1070 2404 1186 2454 carmina
1202 2401 1237 2454 ed
1251 2421 1327 2455 nureo

278 2483 417 2536 hominum
425 2499 563 2557 corruptus
572 2503 629 2537 este
637 2484 777 2556 exigenda,
790 2498 816 2536 et
827 2483 950 2548 laudem,
964 2502 1021 2555 quae
1034 2483 1067 2534 sit
1077 2483 1161 2554 epulis
1172 2483 1260 2536 aliisve
1270 2503 1327 2536 mu·

279 2563 396 2616 nutoulis
408 2577 547 2634 coempta,
556 2581 651 2615 vanam
664 2584 729 2616 eoae.
744 2566 813 2615 Vera
825 2565 906 2615 virtus
919 2577 959 2614 eet
972 2562 1155 2628 essebonum,
1170 2582 1223 2616 non
1234 2563 1326 2615 videri.

280 2642 397 2714 AEquaiie
411 2647 467 2715 ejus
478 2642 576 2694 Seneca
589 2643 671 2714 Epist.
689 2659 753 2709 ron,
766 2641 888 2694 observat
900 2640 964 2693 nihil
978 2660 1052 2712 eque
1063 2642 1240 2714 eloquentiam
1250 2658 1327 2696 eete-

279 2740 362 2793 raqne
373 2721 402 2774 id
411 2740 494 2792 genus
507 2722 594 2774 studia
605 2727 771 2796 oonupiase,
784 2741 863 2792 quom
877 2719 972 2792 populi
982 2737 1126 2772 essentum.

314 2830 384 2881 Nor.
403 2829 446 2895 44.
463 2829 582 2902 Quisquis
592 2851 629 2896 et,
645 2853 660 2886 ο
675 2831 752 2884 modo
763 2847 841 2900 quem
854 2845 886 2878 ex
897 2829 1002 2880 adverso
1014 2828 1168 2901 dicetefeei.
1179 2861 1214 2871 -
1223 2833 1257 2883 Hi
1266 2845 1329 2884 sunt

279 2927 385 2976 verens,
398 2909 493 2980 quibua
503 2910 597 2981 Koeniq
608 2910 704 2982 aiiique
714 2909 828 2961 editores
839 2907 1024 2974 offenduntur,
1036 2922 1063 2960 ut
1075 2909 1189 2980 indignit
1201 2914 1288 2963 Persio
1301 2924 1328 2964 et

280 2986 314 3040 ad
326 3000 445 3040 suturam
455 2991 592 3060 appositio.
605 2991 695 3062 Longe
705 2989 781 3041 aliter
789 3006 853 3039 vero
864 3005 918 3038 non
931 3006 1040 3060 possum
1050 3006 1105 3040 non
1117 2991 1227 3056 sentire,
1240 2993 1261 3042 ei
1271 3010 1327 3042 mo·

280 3067 316 3118 do
329 3066 363 3118 ad
372 3085 430 3120 eam
440 3067 539 3138 dialogi
548 3070 660 3121 formam
671 3069 798 3120 reflexero
807 3065 911 3133 oeulos,
922 3086 1000 3138 quam
1011 3069 1113 3121 Persius
1122 3069 1245 3122 consulto
1255 3073 1328 3122 insti-

280 3149 338 3198 tuit.
353 3148 419 3215 Qun
430 3147 516 3199 forma
528 3147 561 3199 ad
571 3145 759 3220 proponendas
770 3143 933 3216 objectiones
941 3148 1107 3201 commodior
1118 3149 1158 3200 vel
1167 3151 1328 3217 instituitur,

280 3225 321 3278 vel
336 3228 465 3278 omittitur
479 3229 596 3292 auctori,
609 3239 690 3297 prout
703 3243 811 3278 necesse
825 3239 873 3278 ett.
888 3228 937 3278 Hic
951 3230 1036 3280 omitti
1046 3242 1137 3281 monet
1149 3230 1265 3282 Persius:
1280 3229 1328 3282 sed

280 3307 444 3376 sepewpius
467 3325 501 3356 an
521 3307 655 3372 omiserit,
678 3318 724 3356 aut
740 3307 847 3375 quinam
863 3303 988 3377 loquatur
1003 3326 1110 3362 monere
1126 3328 1219 3380 parurn
1237 3323 1326 3362 curat:

281 3383 343 3434 hino
357 3403 406 3438 noa
420 3387 489 3437 circa
501 3402 628 3480 pertonat
640 3382 791 3455 dialogique
801 3386 872 3437 tices
885 3404 1027 3457 operemur
1038 3388 1193 3460 interpretes
1206 3407 1237 3441 to
1248 3387 1328 3440 desu-

282 3463 384 3516 dantus.

315 3570 383 3622 Nor.
403 3569 447 3638 45.
457 3570 520 3622 Non
529 3587 591 3642 eqo,
601 3586 683 3640 quum
693 3571 790 3637 scribo,
799 3574 821 3624 ti
826 3571 900 3643 forte
908 3573 974 3644 quid
983 3575 1139 3646 optinuerit.
1150 3601 1186 3614 -·
1195 3573 1271 3640 Exit,
1279 3576 1329 3625 eoi·

279 3645 340 3702 iicet
350 3669 381 3702 ex
392 3653 508 3719 ingenio.
525 3651 583 3699 Vox
596 3648 629 3700 ab
642 3663 697 3701 arte
708 3650 797 3721 fih'goa
809 3653 880 3704 forte
894 3654 1035 3718 translato,
1050 3651 1158 3721 (Horat.
1168 3653 1267 3724 A.p.v.
1280 3652 1328 3722 ot)

278 3728 382 3780 videtur
401 3728 435 3780 ad
453 3729 551 3797 ingenii
568 3746 649 3798 opera
670 3742 696 3780 et
714 3733 934 3800 compositionem
953 3732 1035 3783 fnisse
1053 3743 1216 3782 consecrata.
1236 3733 1327 3800 Quint.

278 3809 340 3861 inat.
357 3810 431 3861 Orat.
445 3807 490 3858 lib.
508 3806 570 3870 ΙΙΙΙ,
586 3805 632 3858 ubi
646 3807 678 3859 de
695 3810 784 3860 Attico
801 3827 898 3880 genere
913 3829 943 3861 ae
958 3810 992 3862 de
1007 3807 1187 3860 Demosthene
1200 3809 1326 3882 loquitur.

282 3909 293 3931 a
303 3889 335 3938 Et
343 3888 365 3938 si
378 3885 442 3959 quid
450 3885 539 3936 exierit
550 3887 666 3939 numeris
675 3889 762 3961 aptius
771 3889 899 3956 (fortusse
909 3907 963 3941 non
975 3887 1075 3960 poaeit)
1084 3886 1127 3939 sed
1138 3897 1224 3941 tomen
1233 3892 1256 3942 si
1266 3887 1330 3963 quid

279 3966 382 4031 exierit,
395 3983 450 4018 non
462 3965 511 4014 erit
522 3963 675 4018 Atticum?-

311 4137 371 4181 Vin.
386 4137 425 4193 46.
436 4137 546 4198 (Qumdo
560 4138 609 4187 iroeo
623 4159 676 4189 rum
688 4147 737 4189 ovis
747 4141 799 4202 est)
814 4147 835 4189 ει·
847 4145 903 4207 quid
915 4151 990 4188 tomen
998 4143 1073 4206 optior
1080 4144 1135 4188 erit.
1150 4167 1183 4180 —
1195 4143 1249 4189 Non
1257 4139 1329 4188 babet
