3052 4854
241 413 283 477 38
412 408 566 473 VARIAE
591 405 862 472 LEGTIONES
885 406 948 470 ET
971 406 1109 472 NOTAE
1146 459 1151 468 .

237 567 273 576 -
283 533 394 586 Locutus
405 531 537 604 quiddam.
557 531 618 582 Non
633 547 664 581 ea
679 547 728 599 ego
739 528 818 581 verba
831 543 977 600 caeteraque
987 533 1043 600 ejus
1053 548 1143 584 versus
1153 529 1186 582 ad
1201 531 1285 603 ipsam

236 615 417 667 recitationem
430 614 553 673 referam,
567 608 613 662 sed
625 608 658 660 ad
672 609 878 680 praefatiunculae
888 628 972 680 genus
988 609 1120 682 quoddam
1138 611 1284 679 insulsum,

237 714 294 768 qua
309 694 456 746 recitationi
471 691 646 763 promittitur.
671 688 774 742 Scilicet
791 689 901 741 verbum
923 689 995 762 loqui
1010 693 1190 744 recitationem
1209 692 1285 747 nullo

237 773 317 826 modo
328 773 464 843 designare
481 781 584 843 potest,
599 767 646 820 sed
663 787 824 832 sermonem
839 783 964 841 preterea
982 771 1147 824 rancidulum
1160 773 1286 846 quiddam

237 857 342 907 minime
359 853 481 904 convenit
492 869 553 903 cum
566 848 607 902 bis
620 847 720 916 verbis,
736 849 779 901 dia
789 863 925 920 poemata,·
943 849 1057 920 denique
1074 851 1146 902 aliud
1159 866 1197 903 est
1210 854 1286 905 balba

228 915 266 986 ‘de
282 952 345 985 nare
359 931 445 1006 loqui,
458 929 528 982 aliud
539 928 668 1001 eliquare,
680 927 708 980 id
720 943 777 996 est,
789 929 888 1000 liquida
900 943 927 982 et
938 929 1078 982 delicatulo
1088 950 1155 984 voce
1164 935 1284 986 recitare.

215 1043 217 1049 ·
234 1014 325 1068 Solent
338 1015 383 1084 qui
400 1012 515 1082 aliquam
528 1028 602 1062 suam
617 1023 700 1060 artem
715 1027 804 1062 coram
821 1023 892 1062 coetu
909 1010 986 1062 edere
1000 1024 1142 1082 rogantur,
1156 1012 1229 1064 haud
1248 1015 1285 1064 ita

233 1112 361 1164 generose
374 1105 401 1144 et
413 1105 502 1164 aperte
513 1108 541 1142 se
554 1109 585 1141 ac
595 1109 641 1142 sua
654 1088 854 1156 commendare,
866 1103 892 1142 et
905 1108 961 1142 sese
974 1103 1126 1144 excusantes
1138 1091 1284 1159 balbutire,

232 1172 274 1225 vel
294 1191 308 1224 e
326 1191 391 1224 naso
405 1169 494 1243 loqui,
505 1168 547 1221 vel
565 1168 665 1240 aliquid
686 1171 772 1222 minus
788 1183 891 1241 gratum
904 1169 1043 1223 admittere
1055 1171 1108 1243 pr'a
1121 1183 1192 1224 metu
1203 1175 1284 1225 mixto

153 1296 157 1308 ,
233 1271 295 1304 cum
307 1251 442 1323 superbia.
464 1253 524 1302 llaec
537 1251 582 1321 qui
596 1250 660 1300 facit
673 1251 856 1302 recitationem
870 1263 994 1321 rogatus,
1011 1253 1063 1304 sivo
1079 1253 1150 1303 Nero
1165 1253 1214 1318 sit,
1230 1257 1284 1304 sire

234 1333 301 1385 alius
312 1334 456 1406 quispiam,
468 1350 529 1383 euru
541 1329 632 1381 irridet
643 1343 731 1401 poeta.

269 1441 337 1491 Nar.
353 1436 396 1504 34.
407 1433 561 1507 Phyllidas,
571 1433 723 1506 hypsipylas
732 1446 819 1486 oanan
828 1447 853 1487 et
858 1433 988 1508 plorabile
995 1436 1016 1487 si
1025 1436 1095 1507 quid.
1105 1466 1142 1478 —
1150 1437 1285 1506 Eleusina,

233 1516 388 1570 delicatulus
400 1517 608 1586 compositiones
621 1527 647 1565 et
661 1515 820 1588 lacrymosas
832 1514 969 1588 designare
982 1516 1079 1582 voluit,
1093 1535 1158 1588 quas
1170 1518 1285 1568 elloemi·

232 1612 311 1651 natus
321 1597 365 1649 ille
374 1598 500 1647 recitator
506 1593 644 1659 decantat,
653 1607 679 1645 et
686 1593 756 1646 leves
766 1597 881 1648 convive
893 1595 1064 1648 admirantur.
1077 1599 1110 1648 Vi
1119 1600 1221 1648 comica
1229 1615 1283 1650 non

233 1691 294 1750 eget
302 1677 386 1730 locus.
397 1707 434 1716 -
443 1672 596 1745 Phyllidas,
609 1673 767 1746 hypsipylas.
778 1674 896 1746 Phyllis,
909 1677 1026 1728 Sithonis
1036 1675 1088 1728 lilia
1098 1677 1284 1748 Thracumque

233 1761 339 1830 regina,
353 1777 368 1809 a
380 1755 600 1826 Demophoonte,
611 1752 709 1806 Thesei
721 1753 789 1818 lilio;
803 1754 955 1828 hypsipyle,
969 1757 1099 1809 Thoantis
1111 1757 1283 1825 ¹Lemniorum

232 1841 316 1910 regia,
328 1836 361 1890 ab
374 1839 472 1890 lasone
483 1838 636 1906 Argonauta
649 1834 751 1888 deserta
768 1836 826 1887 luit.
840 1837 943 1888 Tritum
961 1850 1072 1910 utraque
1084 1837 1187 1890 vatibus
1204 1855 1284 1906 argu-

233 1933 361 1972 mentum.
372 1919 483 1970 Exstant
494 1917 572 1968 etium
583 1934 653 1966 nunc
665 1916 733 1968 inter
744 1915 831 1968 Ovidii
843 1913 971 1968 Heroidas
983 1914 1040 1967 duae
1050 1915 1088 1986 (ll
1100 1929 1126 1968 et
1137 1915 1187 1985 Vl)
1197 1917 1285 1969 inscri-

232 2013 301 2071 pta,
316 2001 388 2070 prior
400 1993 545 2067 Phyllidis,
558 1996 689 2066 posterior
700 1992 849 2066 hypsipyles
859 1997 979 2058 nomina
990 1994 1024 2045 ad
1038 2013 1102 2066 quas
1114 1996 1226 2048 forsitan
1240 2013 1283 2048 re·

233 2081 311 2152 spicit
328 2078 440 2148 eleqe'ias
454 2093 546 2128 versus
559 2075 648 2126 Persii.
666 2103 703 2113 -
721 2073 855 2127 Plorabile
874 2075 897 2124 si
908 2075 987 2146 quid,
1007 2075 1029 2125 si
1042 2073 1106 2146 quid
1121 2073 1283 2146 elegiacum,

231 2158 398 2211 heroidicum
410 2157 466 2226 ejus
475 2155 591 2230 genesim
604 2151 674 2204 idem
685 2172 715 2204 ac
729 2155 750 2206 si
760 2153 882 2206 dixisset:
893 2164 941 2204 aut
951 2152 1019 2204 alias
1027 2151 1155 2226 quoslihet
1164 2153 1282 2229 eleqei'as.

266 2257 336 2308 Nor.
350 2255 392 2308 35.
405 2249 1283 2326 Eliquut,ettenerosupplantatuerhapalato.-Vividiorloeutio

233 2345 282 2406 pro·
293 2333 392 2407 liquida
401 2347 428 2385 et
436 2334 520 2386 fracta
529 2351 596 2384 voce
605 2335 707 2396 recitat.
715 2331 881 2404 -Eliquat,
892 2329 967 2400 quasi
978 2332 1100 2399 guttatim
1113 2329 1215 2396 fundit,
1225 2332 1284 2402 gal·

231 2415 280 2470 lice
292 2438 297 2466 :
311 2415 417 2470 distille.
434 2444 469 2456 -
484 2412 647 2487 Supplantot
659 2412 744 2464 verba.
759 2409 936 2483 Supplantore
947 2411 1054 2482 proprie
1066 2409 1181 2481 dejicere
1193 2412 1284 2482 planta

232 2497 378 2626 suppqtita.
393 2497 443 2548 llic
455 2493 651 2625 nptaphpfrice,
662 2489 815 2622 sapplantat
826 2491 934 2543 verbum
945 2489 1029 2621 alitem
1041 2492 1182 2622 suppopito
1190 2491 1281 2544 verbo.

231 2577 284 2626 Ver
334 2574 404 2626 enim
417 2590 471 2624 non
492 2591 563 2624 usne
587 2584 690 2624 ormata
720 2583 823 2622 ecunat
836 2583 862 2622 et
893 2573 950 2622 uasi
979 2571 1106 2622 e''cit.-
1144 2589 1222 2624 enero
1270 2602 1284 2614 -

233 2653 301 2718 lato,
312 2650 453 2704 delicatulo
462 2652 692 2722 pronuntiatione,
704 2648 779 2702 molli
790 2667 864 2701 voce.
874 2589 938 2700 hid.
949 2589 1027 2701 orlh.
1037 2651 1094 2710 Art.
1107 2651 1167 2702 hm.
1182 2653 1218 2716 ll,
1233 2593 1282 2704 llll

234 2750 291 2805 sqq.
305 2732 355 2798 111,
369 2732 419 2799 ²93
430 2747 487 2802 sqq.
501 2729 616 2782 Martial.
628 2731 666 2794 X,
678 2727 727 2796 65,
743 2745 774 2780 ro
786 2746 844 2798 sqq.

269 2829 336 2880 Nor.
357 2826 399 2879 36.
420 2824 552 2878 Assensere
570 2826 627 2878 uiri.
646 2855 683 2868 -
699 2826 803 2876 ironice
824 2837 967 2893 utrumque
983 2823 1106 2887 verbnm
1124 2825 1282 2882 delicatulo·

233 2909 340 2962 enimet
354 2904 424 2957 leves
437 2917 463 2956 et
477 2918 580 2957 saturos
594 2918 672 2956 vocat
684 2905 765 2964 uiros,·
780 2917 805 2955 et
817 2901 884 2955 illud
895 2921 1021 2956 maure
1034 2922 1113 2974 grave
1125 2905 1227 2978 aliquid
1239 2929 1283 2961 so-

232 3006 298 3041 nans
307 2999 333 3040 et
342 2987 370 3037 in
380 2983 501 3054 gravibus
514 2984 592 3037 rebus
603 2983 760 3056 plerumque
771 2983 920 3036 adhibitum
931 2982 1024 3053 (Ovid.
1036 2985 1143 3038 Metam.
1156 2987 1205 3053 tx,
1217 2989 1282 3060 259;

231 3069 301 3131 xlv,
314 3065 363 3136 ⁵9²
374 3065 462 3133 ;Virg.
476 3064 534 3114 AEn.
547 3065 584 3130 ll,
599 3064 663 3136 130)
675 3063 701 3116 h.
714 3063 730 3116 l.
741 3066 770 3116 in
781 3082 810 3116 re
823 3063 893 3116 futili
904 3077 1062 3136 usurpatum
1072 3078 1111 3117 est
1120 3065 1279 3120 felicissime.

264 3237 324 3281 Van.
343 3231 381 3280 36.
392 3234 459 3280 Nunc
470 3247 516 3280 non
524 3234 580 3278 ciuis
591 3231 629 3278 ills
636 3231 791 3295 portusalix?
799 3257 831 3269 -
843 3235 888 3280 Pro
897 3249 958 3280 ruine
968 3224 1014 3280 nori
1022 3232 1093 3280 babet
1102 3248 1145 3296 per
1154 3235 1281 3280 eorreedo·

232 3319 287 3351 uem
302 3303 379 3364 8¹7²:
394 3303 464 3348 Nune
476 3317 536 3348 nuru
547 3303 604 3347 cinis
618 3299 654 3347 ills
662 3301 816 3367 postoeselirl
832 3305 889 3364 Qua
900 3303 971 3350 lectio
985 3303 1105 3367 probanda
1117 3315 1180 3350 certe
1195 3315 1219 3350 et
1232 3305 1281 3366 ipsa

231 3386 273 3420 est.
291 3370 368 3418 Altera
379 3384 436 3416 vero
448 3385 514 3434 eque
527 3369 649 3418 laudabilis
661 3369 713 3432 plus
724 3371 795 3420 habet
806 3373 962 3432 auctoritatis,
975 3389 1027 3436 qun
1039 3385 1143 3420 recurrat
1154 3376 1180 3421 in
1193 3375 1282 3421 ceteris

231 3445 289 3491 mcis
299 3443 372 3490 MMS.
382 3467 414 3479 -
425 3443 518 3490 liabent
531 3441 592 3505 8070
602 3455 626 3489 et
639 3441 709 3505 8072.
725 3446 793 3490 Nune
804 3460 849 3491 non
862 3447 895 3492 tic
909 3445 1063 3507 transposita:
1077 3461 1123 3492 non
1135 3460 1209 3502 aune,-
1217 3444 1282 3508 quod

233 3513 304 3577 paulo
314 3515 394 3562 durius
404 3513 504 3562 ridetur.

267 3611 336 3662 Nor.
354 3609 398 3661 36.
411 3609 490 3662 Nune
501 3626 554 3662 aaa
566 3605 631 3658 riuis
644 3604 691 3658 ille
703 3617 786 3677 poeta
796 3607 885 3679 felia?
896 3637 930 3650 -·
942 3610 1040 3662 Nonne
1053 3607 1156 3662 letatur
1169 3605 1216 3660 tali
1227 3606 1282 3660 lau-

232 3687 339 3740 datione
350 3701 432 3761 poeta
444 3688 483 3740 rel
496 3690 522 3740 in
535 3685 657 3739 tumulo?

267 3787 334 3838 Nor.
354 3785 397 3855 37.
418 3787 480 3840 Non
498 3786 580 3839 leuior
590 3788 682 3859 cippus
698 3803 769 3838 uuna
784 3785 913 3858 imprimit
924 3805 986 3840 assa.
1002 3815 1038 3828 -
1053 3787 1162 3859 (lippus,
1176 3786 1281 3840 brevior

232 3863 372 3931 columna,
392 3878 438 3918 aut
452 3865 518 3938 lapis
532 3869 559 3917 in
573 3864 677 3918 tumulo
687 3867 805 3938 positus,
821 3881 867 3920 aut
881 3869 937 3939 ipsa
952 3880 1019 3918 terra
1033 3866 1136 3919 tumulo
1148 3880 1280 3938 aggerata.

231 3944 372 4014 Eratapud
382 3947 506 4018 antiquos
516 3963 558 3999 res
567 3958 658 4017 optata
671 3957 696 3997 et
708 3947 777 3996 inter
787 3946 926 4019 religiones
938 3959 1060 4017 recepta,
1072 3949 1094 4000 si
1107 3950 1205 4000 mortui
1214 3947 1281 3999 cinis

232 4024 318 4074 minus
334 4028 406 4092 gravi
422 4025 516 4078 tellure
532 4038 704 4097 premeretur.
717 4025 793 4078 Unde
811 4026 863 4080 hoc
879 4038 971 4077 votum
988 4047 993 4076 :
1011 4027 1045 4078 sit
1060 4025 1109 4078 tibi
1125 4037 1191 4079 terra
1204 4027 1281 4080 levis!

231 4099 312 4168 Quod
320 4103 397 4154 etiam
405 4104 552 4176 sepulchris
560 4105 777 4174 committebant,
787 4105 827 4158 his
838 4107 925 4158 incisis
932 4105 1024 4159 litteris
1034 4129 1040 4158 ι
1049 4105 1075 4159 S.
1085 4107 1115 4159 T.
1124 4110 1155 4159 T.
1163 4109 1193 4160 t..
1202 4103 1278 4160 Unde
1294 4135 1296 4143 ·
