3056 4856
293 429 1266 458 MWWWWWWWWWWWM
1269 433 1352 456 m„

497 647 785 760 slTlRl
825 645 1140 756 TERTIA.

766 944 871 959 *ι

295 1164 429 1264 Naum
441 1193 515 1263 haec
526 1193 682 1262 assidue?
690 1192 762 1287 jam
774 1191 904 1261 clarum
916 1217 1016 1260 mane
1028 1193 1193 1261 fenestras

296 1315 422 1391 Intrat,
436 1323 470 1375 et
480 1323 642 1398 angustas
655 1305 806 1375 extendit
815 1305 944 1373 lumine
956 1307 1078 1374 rimas:

295 1421 491 1500 stertimus,
505 1415 710 1485 indomitum
722 1415 814 1512 quod
827 1415 1030 1508 despumare
1041 1413 1221 1484 Falernum

296 1527 462 1596 Sufficiat!
477 1528 602 1613 Quinta
613 1525 697 1593 dum
708 1524 798 1594 linea
809 1529 961 1618 tangitur
973 1523 1113 1608 umbra,

297 1639 349 1704 En
361 1636 443 1732 quid
455 1639 542 1728 agis!
557 1638 662 1704 siccas
674 1639 793 1703 insana
805 1635 958 1704 canicula
971 1659 1099 1703 messes
1336 1647 1352 1698 5

297 1752 373 1814 Jam
385 1746 516 1815 dudum
528 1751 661 1841 coquit,
674 1762 708 1814 et
720 1745 836 1838 patula
847 1770 952 1838 pecus
964 1769 1065 1814 omne
1078 1747 1141 1814 sub
1153 1745 1246 1814 ulmo
1259 1762 1314 1815 est
1327 1773 1334 1814 :

298 1864 397 1928 Unus
409 1859 456 1924 ait
468 1860 643 1925 comitum.
656 1895 703 1906 -
719 1888 732 1916 ιι
744 1860 938 1925 Verumne?
950 1861 1061 1925 itane?
1072 1861 1167 1925 ocius
1180 1857 1267 1926 adsit

300 1975 375 2036 Huc
386 1967 525 2063 aliquis!
540 1963 696 2035 nemon'?
710 1997 723 2026 n
739 2005 786 2016 -·
796 1970 975 2058 Turgescit
987 1970 1092 2036 vitrea
1103 1967 1198 2051 bilis;

300 2080 470 2148 Finditur.
482 2132 489 2145 .
501 2133 508 2146 .
519 2111 528 2145 ¹.
544 2076 693 2145 Arcadiae
705 2080 862 2168 pecuaria
875 2078 996 2146 rudere
1008 2077 1111 2147 dicas.

347 2194 422 2257 Jam
434 2187 533 2270 liber,
547 2203 580 2256 et
591 2185 721 2256 bicolor
733 2189 851 2282 positis
863 2189 1063 2256 membrana
1075 2185 1223 2281 capillis,
1322 2221 1353 2254 ιο

301 2306 409 2398 lnque
421 2323 542 2392 manus
554 2296 695 2382 chartae,
709 2295 905 2394 nodosaque
917 2301 1009 2366 venit
1020 2297 1163 2366 arundo.

570 2509 684 2549 samum
696 2507 815 2547 TERTIAE
828 2505 1080 2547 rnnnnrnnrtrro.

345 2649 359 2679 n
370 2627 508 2684 Scrnrcnr
523 2624 605 2683 idem
620 2626 684 2705 agis
699 2621 928 2683 indesinenter?
940 2621 1007 2703 jam
1021 2622 1190 2682 clarissima
1203 2619 1255 2680 lux
1269 2618 1352 2682 fene-

304 2737 379 2782 stras
397 2720 445 2782 vel
463 2721 580 2782 clausas
599 2724 712 2798 intrat,
731 2722 966 2802 clausarumque
984 2722 1090 2782 breves
1108 2723 1203 2782 rimas
1223 2719 1353 2802 trajectis

304 2819 398 2878 radiis
410 2820 443 2878 in
454 2819 587 2902 longum
596 2819 718 2881 videtur
729 2818 889 2880 attendere
900 2841 907 2877 ε
921 2819 1036 2881 interea
1047 2841 1103 2880 nos
1112 2818 1229 2879 desides
1240 2838 1353 2880 somno

302 2915 518 2998 indulgemuS,
537 2931 690 2998 quantum
708 2915 841 2978 sufficiat
859 2918 953 2976 etiam
972 2917 1011 2977 ad
1029 2916 1228 2999 coquendum
1242 2917 1354 2975 vinum

253 3059 256 3064 ·
304 3013 535 3095 gravissimum!
548 3016 632 3075 Dum
645 3017 678 3076 in
689 3015 803 3076 solario
815 3015 924 3096 quinta
934 3012 999 3095 jam
1011 3014 1093 3076 linea
1105 3015 1273 3096 gnomonis
1285 3033 1355 3073 um·

304 3110 361 3171 bra
370 3112 523 3191 tangitur,
535 3133 575 3172 en
586 3112 676 3172 labor
688 3114 743 3172 iste
754 3115 840 3173 tuus!
855 3115 925 3172 lam
939 3113 1058 3173 dudum
1071 3113 1116 3174 sol
1128 3112 1269 3172 canicula
1278 3133 1355 3194 prae·

304 3207 438 3268 fervidus
450 3222 547 3269 torret
557 3210 657 3271 aridas
669 3225 793 3292 segetes,
804 3225 833 3270 et
845 3210 975 3292 pecudes
985 3212 1022 3272 de
1034 3233 1122 3272 more
1132 3211 1285 3294 compulit
1295 3211 1354 3270 sub

305 3325 417 3385 opacas
429 3304 567 3380 arbores,
584 3320 618 3366 ut
631 3319 755 3387 captent
768 3306 896 3386 frigora.
907 3332 921 3362 a
937 3307 984 3366 sic
997 3309 1135 3389 increpat
1146 3307 1355 3368 adolescentu-

304 3399 371 3460 lum
389 3421 472 3460 unus
490 3423 507 3460 e
525 3403 708 3478 comitibus,
727 3404 781 3482 qui
798 3417 909 3463 curant
923 3403 1158 3464 instituendum.
1173 3401 1229 3462 llle
1243 3401 1354 3476 refert,

307 3521 321 3552 n
334 3497 489 3558 Verumne
508 3497 593 3579 quod
613 3499 681 3558 ais?
703 3500 785 3560 itane
802 3499 866 3559 est?
887 3500 967 3560 adsit
984 3522 1079 3582 quam
1100 3501 1254 3582 primum,
1276 3498 1356 3558 adsit

303 3593 493 3654 famulorum
508 3592 635 3675 aliquis!
647 3640 654 3655 .
667 3639 694 3656 ..
712 3595 866 3668 nullus-ne
877 3597 1009 3658 aderiti.
1021 3643 1028 3657 .
1041 3643 1048 3658 .
1067 3624 1081 3654 a
1098 3599 1229 3677 Jamque
1238 3595 1356 3654 furenti

304 3692 465 3776 splendida
478 3693 550 3752 bilis
565 3695 756 3768 intumescit3
773 3695 807 3754 in
823 3717 911 3757 voces
928 3698 1084 3777 rumpitur
1101 3695 1289 3756 inconditas.
1302 3737 1309 3752 .
1322 3738 1350 3754 ..

304 3790 347 3850 ita
362 3805 396 3852 ut
409 3811 502 3852 omne
515 3813 607 3873 pecus
621 3792 758 3852 Arcadiae
771 3792 900 3872 (asinos)
914 3794 1023 3854 rudere
1037 3793 1210 3853 credideris.

348 3910 392 3950 ιο.
405 3889 534 3950 Tandem
543 3888 997 3972 aliquandojnvenisadstudium
1005 3893 1181 3972 accingite&
1186 3889 1313 3971 jamque
1322 3889 1356 3946 in

305 4006 415 4045 manus
432 4007 542 4047 venere
560 3986 651 4063 libri,
670 4001 700 4047 et
718 4009 914 4070 pergamenas
932 3986 1086 4062 colorem,
1105 3985 1176 4069 pilis
1195 3985 1356 4058 detractis,

304 4083 464 4164 geminum
480 4084 658 4161 referentes,
674 4100 703 4145 et
718 4107 868 4168 papyrus,
883 4099 912 4144 et
926 4085 1088 4143 distinctus
1104 4083 1195 4142 nodis
1209 4082 1355 4141 calamus.
