3052 4854
507 400 678 467 sama
700 398 931 466 SECUNDA.
1048 472 1052 482 „

196 532 331 598 Somnia
342 527 953 620 pituitaquipurgatisaimamitnmt,

200 641 363 733 Praecipui
376 655 490 720 sunto,
502 640 612 732 sitque
624 636 689 706 illis
702 661 805 706 aurea
815 635 931 706 barba.

247 758 376 818 Aurum
385 773 466 819 vasa
477 753 596 818 Numae
608 751 829 842 Sanuniaque
843 746 980 841 impulit
988 771 1073 834 tem,

199 853 419 958 Vestalesque
430 886 534 929 urnas
547 877 580 930 et
591 865 743 929 Tuscum
754 859 856 929 fietile
869 873 989 927 mutat
1213 875 1250 928 60

199 973 229 1039 Ο
243 995 355 1041 curvae
366 977 401 1041 in
413 987 520 1041 terras
533 975 672 1054 nnimae,
684 985 719 1039 et
730 967 916 1038 coelestium
927 970 1063 1038 inanes!

199 1083 289 1173 Quid
298 1082 394 1177 juvat
404 1083 467 1152 hos
479 1082 614 1176 templis
627 1097 761 1151 nostros
774 1083 946 1150 inmittere
957 1104 1087 1163 mores,

200 1199 243 1262 Et
253 1194 342 1263 bona
354 1195 405 1264 dle
418 1220 460 1264 ex
469 1193 534 1263 hac
547 1191 709 1263 scelerata
720 1193 844 1262 ducere
856 1191 983 1286 pulpa?

177 1369 183 1392 ,
201 1309 281 1373 Haec
293 1304 357 1374 sibi
367 1323 527 1398 corrupto
539 1306 664 1374 casiam
676 1303 830 1372 dissolvit
841 1301 950 1385 olivo,

201 1416 243 1480 Et
252 1412 433 1482 Calabrum
445 1415 535 1482 coxit
546 1414 661 1481 vitiato
673 1414 803 1480 murice
814 1410 941 1480 vellus:
1024 1433 1027 1442 ·
1218 1421 1253 1476 65

203 1529 283 1592 Haec
293 1523 432 1594 baccam
443 1525 581 1593 eonchae
593 1527 732 1608 rasisse,
745 1538 779 1590 et
790 1524 954 1615 stringere
964 1545 1066 1590 venas

204 1641 375 1706 Ferventis
386 1660 507 1706 mnssae
519 1635 626 1705 crudo
637 1634 680 1704 de
692 1633 831 1728 pulvere
839 1632 952 1726 jussit.

203 1749 321 1814 Peccat
334 1764 368 1816 et
378 1746 467 1831 haec,
478 1762 615 1840 peccat3
633 1747 715 1814 vitio
726 1763 841 1814 tamen
853 1747 978 1813 utitur:
991 1760 1026 1812 at
1037 1766 1097 1811 voe

203 1859 328 1940 Dicite,
340 1858 531 1951 pontifices,
544 1859 581 1924 in
593 1880 690 1925 sacro
702 1856 784 1952 quid
797 1857 878 1925 facit
888 1859 1033 1924 aurum?

204 1975 335 2063 Nempe
346 1970 410 2040 hoc
421 1970 515 2066 quod
526 1972 649 2038 Veneri
660 1968 968 2062 douatoeavirgine
979 1991 1115 2062 puppae.
1221 1996 1256 2049 7⁰

204 2085 295 2168 Quin
306 2081 426 2151 damus
438 2083 474 2152 id
485 2084 638 2176 Superis,
651 2081 694 2151 de
705 2107 828 2176 magna
840 2081 931 2178 quod
943 2080 1024 2150 dare
1034 2080 1130 2148 lance

205 2197 281 2260 Non
291 2197 400 2287 possit
410 2197 524 2288 magni
536 2193 691 2263 Messnlae
702 2192 795 2287 lippa
806 2216 976 2286 propago,

207 2396 272 2456 puo
288 2376 374 2437 cultu
388 2376 571 2452 venerandi,
588 2379 644 2458 qui
659 2377 787 2436 mittunt
803 2376 926 2435 somnia
940 2374 1052 2456 pituita
1065 2372 1198 2431 maxime
1210 2371 1259 2433 de·

207 2469 329 2547 secata,
345 2476 365 2532 i.
378 2495 403 2533 e.
413 2473 571 2554 purissima
584 2471 704 2551 ideoque
717 2473 866 2531 verissima
873 2495 884 2544 ,·
898 2472 1003 2550 itaque
1014 2466 1113 2528 barba
1126 2469 1185 2528 erit
1197 2467 1258 2531 illis

210 2587 246 2628 ex
262 2589 350 2628 auro.
623 2637 625 2644 Ι

249 2666 298 2745 59.
318 2665 437 2726 Aurum
454 2664 572 2747 expulit
587 2685 603 2726 e
617 2663 743 2746 templis
758 2662 882 2725 vascula
895 2665 1005 2727 Numae
1021 2666 1099 2748 regis
1114 2677 1145 2726 et
1160 2687 1259 2728 aeneae

208 2761 332 2822 Saturni
344 2773 488 2836 crateras3
501 2760 1260 2846 aurumimmutaturuasVestae‚quondamsimpli·

209 2878 269 2933 ces,
278 2871 309 2919 et
319 2857 428 2918 fictiles
436 2878 472 2917 ex
480 2857 604 2916 Etruria
613 2855 752 2939 patellas.
765 2856 919 2916 Omentes
928 2877 1036 2939 pronae
1045 2857 1080 2916 in
1090 2871 1218 2935 terram,
1231 2871 1261 2920 et

211 2973 314 3014 rerum
326 2953 492 3014 celestium
503 2955 624 3015 vacuae!
640 2952 724 3030 Quid
737 2953 822 3018 enim
838 2951 938 3034 placet
948 2965 1067 3014 nostras
1079 2955 1262 3036 cupiditates

210 3051 244 3110 in
251 3049 330 3111 edes
337 3071 435 3110 sacras
442 3051 601 3127 inducere,
613 3063 642 3112 et
651 3071 721 3132 quoe
735 3050 802 3110 Diis
814 3063 903 3132 grata
914 3051 975 3111 sint
986 3066 1015 3112 et
1022 3051 1261 3135 bona,judicare

210 3167 246 3208 ex
260 3145 320 3208 hac
331 3147 471 3230 corporis
482 3169 587 3224 carne,
604 3147 696 3230 plena
712 3147 884 3209 scelerum?
894 3147 960 3210 haec
970 3148 1061 3210 diluit
1074 3151 1133 3210 sibi
1147 3151 1262 3212 casiam

211 3244 281 3307 oleo
289 3247 414 3319 vitiat03
426 3244 490 3306 haec
501 3244 609 3306 lanam
619 3245 740 3328 Apuliae
750 3247 845 3306 tinxit
854 3244 1022 3329 infecitque
1033 3271 1186 3332 purpura;
1196 3249 1263 3312 hec
1289 3251 1301 3270 ‘

210 3343 366 3403 unionese
375 3341 499 3402 conchis
507 3341 598 3427 jussit
608 3341 738 3403 avellere
747 3343 824 3404 lima
834 3345 940 3422 erasis,
953 3357 983 3404 et
992 3345 1109 3405 metalli
1119 3365 1262 3408 ramenta

211 3437 284 3518 igue
293 3437 468 3498 calescentis
481 3459 498 3498 e
511 3438 581 3498 rudi
596 3436 722 3520 pulvere
736 3459 877 3520 separare
888 3453 918 3500 et
932 3441 966 3500 in
976 3460 1107 3501 massam
1116 3443 1261 3504 conflare.

213 3533 368 3615 Corrupta
387 3532 440 3593 illa
459 3546 504 3593 est
518 3532 675 3617 profecto,
694 3545 786 3616 atque
800 3537 893 3596 etiam
908 3551 1069 3619 corrupta3
1089 3539 1264 3622 corruptela

213 3641 318 3690 umen
329 3629 452 3692 fruitur.
465 3630 522 3692 sed
533 3652 588 3693 vos
600 3631 707 3709 dicite,
720 3634 901 3712 sacerdotes,
912 3634 989 3716 quid
999 3655 1110 3695 aurum
1121 3635 1264 3717 proficiat

214 3725 250 3784 in
258 3727 396 3810 templis?
410 3728 493 3788 idem
505 3749 615 3812 nempe
626 3750 661 3789 ac
672 3731 825 3813 puellares
839 3732 1047 3815 imagunculae
1060 3755 1078 3792 a
1088 3732 1192 3815 puella
1206 3754 1265 3794 nu·

214 3821 307 3883 bente
315 3825 427 3885 Veneri
436 3825 559 3886 ohlatte.
574 3827 660 3904 Quin
669 3828 774 3911 potius
784 3828 844 3890 hoc
854 3829 1018 3890 offerimus
1028 3829 1165 3911 Superis,
1178 3831 1264 3909 quod

216 3920 322 3999 magni
331 3921 467 3981 Messalae
481 3922 580 4004 proles
594 3923 754 4004 indignae
766 3928 874 4010 patina
885 3926 990 4009 capaci
1004 3945 1165 4007 nunquam
1177 3925 1265 3987 obtu-

215 4012 304 4074 lerit?
321 4017 468 4077 Animum
480 4018 593 4080 scilicet
605 4020 717 4082 divinis
733 4021 941 4104 humanisque
957 4021 1172 4102 legibus'bene
1185 4042 1265 4083 com·
