3052 4854
501 427 671 492 SATlRA
696 429 858 494 Prilius.
1164 459 1206 525 ¹9
1281 387 1285 396 ¹

161 549 323 620 Effundat
330 548 490 643 junctura
501 553 729 642 unguesrsut
739 551 878 620 tendere
889 577 1023 624 versum
1170 572 1204 626 65

163 671 238 732 Non
251 687 363 746 secus,
377 687 416 730 ac
427 667 456 732 si
467 660 565 730 oculo
576 663 744 732 rubricam
756 662 878 756 dirigat
889 689 969 734 uno.
988 741 990 747 Α

164 779 238 844 Sive
249 799 335 867 opus
347 777 383 842 in
394 797 521 857 mores,
535 777 571 842 in
582 773 715 857 luxum,
728 777 764 843 in
774 774 915 866 prandia
927 800 1045 869 regum

63 959 67 973 ,
164 891 297 969 Dicere,
311 910 363 954 res
375 884 518 978 grandes
531 901 647 954 nostro
658 883 718 952 dat
728 890 826 954 Musa
837 902 956 978 poetae.

211 1004 296 1067 Ecce
307 998 409 1068 modo
420 999 540 1067 heroas
553 1021 672 1068 sensus
684 997 808 1066 afferre
818 997 972 1067 videmus

166 1113 290 1202 Nugari
302 1109 417 1178 solitos
429 1133 628 1202 graeoe,nec
640 1132 766 1201 ponere
779 1109 894 1177 lucum
1174 1141 1208 1196 7⁰

165 1218 332 1302 Artifices,
346 1243 409 1287 nec
420 1243 478 1288 rus
491 1235 643 1288 saturum
653 1218 805 1300 laudare,
816 1220 876 1287 ubi
887 1219 1022 1304 corbes,

166 1333 209 1396 Et
219 1330 330 1413 focus,
343 1345 378 1398 et
388 1333 496 1422 porci,
510 1346 544 1400 et
554 1330 687 1398 fumosa
698 1329 813 1398 Palilia
824 1329 934 1414 foeno,

168 1441 265 1508 Unde
276 1446 417 1522 Remus,
430 1441 592 1535 sulcoque
604 1459 715 1508 terens
726 1438 887 1522 dentalia,
900 1442 1034 1529 Quinti,

166 1553 279 1635 Quum
291 1550 421 1642 trepida
431 1565 511 1618 ante
522 1548 626 1618 boves
637 1549 838 1618 dictaturam
849 1548 959 1618 induit
970 1573 1070 1635 uxor,

166 1664 209 1729 Et
220 1677 278 1730 tua
289 1676 400 1728 aratra
411 1660 551 1729 domum
563 1659 661 1729 lictor
672 1659 798 1728 tulit...
809 1712 816 1727 .
829 1663 937 1752 Euge,
950 1679 1060 1753 poeta.
1178 1675 1212 1745 7⁵

213 1777 273 1842 Est
283 1797 375 1842 nunc
385 1775 505 1842 Briseis
518 1796 621 1868 quem
632 1796 777 1842 venosus
789 1771 873 1841 liber
883 1779 979 1857 Acci,

168 1965 310 2028 utnulla
328 1968 472 2049 asperitas
492 1978 653 2049 appareat,
673 1967 720 2028 vel
739 1969 957 2042 commissura,
979 1968 1018 2027 ad
1037 1988 1132 2052 quam
1149 1967 1213 2030 hta-

170 2076 256 2123 reant
274 2085 393 2145 ungues
408 2065 455 2124 vel
472 2064 703 2146 diligentissime
719 2085 798 2147 opus
813 2065 1020 2147 explorantis?
1039 2065 1092 2125 llle
1108 2059 1214 2148 poeta,

170 2159 213 2219 ait
225 2159 373 2241 populus,
382 2145 504 2220 versum
516 2162 559 2221 ita
570 2173 687 2220 rectum
699 2163 788 2221 novit
799 2159 928 2242 fingere,
941 2173 976 2220 ut
987 2161 1066 2244 opus
1076 2163 1215 2223 videatur

170 2256 209 2315 ad
221 2257 349 2317 rubram
363 2257 477 2318 lineam
490 2257 593 2319 clauso
606 2278 670 2319 uno
684 2259 775 2318 oculo
788 2260 934 2340 dirigere,
950 2263 1034 2320 sicuti
1040 2261 1118 2342 fucit
1126 2258 1217 2342 saber

170 2353 318 2438 lignarius.
330 2357 441 2431 Musae,
452 2357 495 2415 ait
501 2338 650 2438 populus,
660 2356 765 2415 favent
772 2370 878 2416 nostro
887 2370 1001 2436 poeta,
1010 2367 1041 2414 et
1051 2354 1096 2414 illi
1108 2375 1215 2414 conce·

171 2450 250 2511 dunt
261 2452 405 2512 sublimia
415 2453 454 2512 ad
466 2473 558 2510 omne
568 2465 799 2531 argumentum,
810 2453 872 2510 sive
882 2451 1045 2510 dicendum
1058 2452 1096 2509 sit
1106 2449 1143 2510 de
1154 2472 1218 2512 mo-

171 2545 257 2604 ribus
273 2547 323 2622 (in
335 2544 507 2624 comoedia)
523 2547 585 2604 sive
597 2545 635 2604 de
648 2545 723 2604 luxu
734 2547 785 2624 (in
797 2547 906 2626 satira)
922 2545 1001 2606 etde
1016 2547 1106 2628 regiis
1117 2547 1216 2628 epulis

171 2645 222 2724 (in
233 2641 383 2723 tragoedia
391 2644 411 2722 ).

208 2741 259 2821 69.
272 2743 361 2800 Nunc
369 2738 473 2799 videre
484 2753 529 2800 est
540 2738 699 2800 heroicum
709 2741 785 2821 quid
794 2743 856 2802 cito
867 2741 1068 2824 proferentes,
1081 2753 1111 2801 et
1122 2740 1216 2802 subli-

171 2839 234 2898 mia
258 2857 389 2918 quaque
409 2858 535 2919 poeseos
554 2859 664 2920 genera
687 2837 863 2899 affectantes
881 2839 1139 2914 adolescentulos,
1161 2841 1216 2920 qui

172 2935 354 2996 modocirca
363 2957 462 3016 nugas
472 2956 567 3018 groece
574 2938 760 3018 compositas
769 2937 801 2996 in
809 2936 919 2998 scholis
927 2938 1148 3019 operabantur,
1161 2939 1216 3018 qui

172 3031 313 3094 nondum
329 3031 547 3114 descriptiones
560 3032 790 3093 laudationesve
804 3031 919 3114 fingere
932 3046 1100 3108 noverunt,
1118 3033 1217 3115 qualis

173 3143 217 3190 est
225 3132 374 3206 nemoris,
384 3131 431 3191 vel
442 3133 567 3213 pinguis
576 3133 670 3206 ruris,
680 3133 714 3191 in
723 3130 809 3212 cujus
819 3133 953 3213 imagine
962 3153 1052 3214 quum
1062 3135 1107 3192 isti
1116 3133 1216 3193 adum-

174 3227 274 3306 brant,
287 3243 436 3290 recurrunt
448 3251 491 3288 res
503 3251 591 3310 usque
601 3242 629 3289 et
640 3250 728 3310 tuque
736 3229 855 3303 eudem,
869 3231 998 3289 minimae
1007 3251 1071 3288 cum
1081 3233 1217 3290 niaximis

174 3339 276 3387 temere
284 3325 437 3407 copulatu,
446 3325 553 3386 corbes
563 3325 689 3398 scilicet,
699 3339 729 3384 et
739 3324 837 3401 focos,
848 3339 876 3384 et
884 3327 970 3406 porci
978 3321 1157 3407 ,quosjurtu
1165 3349 1218 3409 up-

173 3435 321 3504 ponuntur
331 3423 407 3483 festa
418 3421 482 3482 deae
497 3422 592 3498 Palis,
607 3423 756 3482 succensis
767 3435 797 3483 et
811 3422 1002 3482 fumantibus
1014 3421 1091 3484 foeni
1104 3425 1218 3482 acervis

175 3519 339 3594 celebrata,
349 3533 379 3579 et
388 3521 500 3580 flemus
509 3521 548 3581 ab
558 3521 639 3600 agris
649 3518 814 3595 oriundus,
826 3533 856 3580 et
865 3533 913 3594 tu,
925 3540 943 3578 o
955 3520 1150 3594 Cincinnate,
1163 3521 1218 3602 qui

175 3618 335 3700 premebas
348 3638 504 3678 vomerem
520 3617 610 3678 sulcis
624 3619 777 3692 attritum,
794 3639 891 3700 quum
908 3617 1065 3698 trepidans
1080 3637 1157 3675 uxor
1174 3619 1219 3678 in·

177 3715 246 3775 duit
260 3718 316 3777 tibi
336 3717 494 3778 dictaturae
513 3729 694 3778 ornamenta
718 3738 815 3800 prope
835 3718 929 3776 boves
950 3728 1036 3788 tuos,
1060 3735 1219 3796 quumque
1314 3759 1318 3767 -

176 3810 297 3870 lictores
313 3825 412 3872 aratra
430 3827 484 3872 tua
495 3812 625 3872 domum
645 3813 864 3873 retulerunt...
884 3812 1019 3892 Pergite,
1043 3809 1220 3891 descriptio·

179 3927 256 3966 num
268 3911 377 3989 optimi
389 3909 535 3984 artificem
550 3909 688 3992 praeclari
701 3930 756 3970 vos
770 3909 853 3970 eritis
867 3917 975 3991 poetas.

219 4003 268 4084 76.
288 4005 375 4064 Nunc
388 4005 491 4066 videre
506 4019 550 4066 est
563 4005 705 4066 homines
723 4009 858 4088 ineptos,
877 4005 930 4085 qui
950 4015 1091 4085 poemate
1113 4001 1220 4063 inflato

182 4099 280 4177 Accii,
294 4103 379 4181 quod
397 4105 574 4166 inscribitur
589 4108 710 4180 Briseis,
729 4104 931 4176 delectentur3
952 4103 1006 4183 qui
1026 4100 1221 4161 detineantur

1038 4222 1076 4272 2·.
