3052 4854
680 460 946 528 PROLOGUS.

430 586 732 683 Heliconiadasque
744 587 973 683 pallidumque
985 593 1129 659 Pirenen

431 697 501 786 illis
514 701 824 794 remitto,quorum
834 702 998 792 imagines
1009 699 1165 768 lambunt
1323 714 1340 772 5.

428 809 572 880 Hederae
583 833 753 904 sequaces.
768 814 845 902 lpse
857 812 1093 903 semipaganus

430 919 480 990 Ad
492 945 587 990 sacra
598 937 715 990 vatum
727 945 865 990 carmen
875 921 983 990 affero
995 937 1158 989 nostmm.

427 1034 509 1118 Quis
522 1029 691 1123 expedivit
702 1034 845 1123 psittaco
858 1041 1093 1113 mumanae,

428 1145 589 1239 Picusque
600 1141 718 1210 docuit
728 1143 831 1212 verba
842 1159 958 1212 nostra
969 1146 1105 1211 conari?

425 1256 586 1345 Magister
597 1256 678 1320 artis
690 1256 871 1348 ingeritque
882 1252 1021 1346 largitor

425 1367 570 1446 Venter,
582 1379 721 1455 negatas
733 1363 852 1430 artifex
864 1366 960 1458 sequi
972 1386 1083 1432 voces.

424 1473 523 1560 Quod
536 1476 564 1542 si
575 1472 684 1543 dolosi
698 1498 774 1568 spes
787 1472 959 1544 refulserit
969 1477 1117 1554 nummi,

424 1589 549 1654 Gorvos
563 1603 678 1680 poetas
691 1602 725 1653 et
736 1588 882 1680 poetrias
894 1589 986 1680 picas

424 1696 567 1762 Contere
579 1693 695 1763 credas
708 1699 905 1784 Pegaseium
917 1693 1033 1763 melos.

283 1891 423 1954 favorem
439 1903 470 1950 et
485 1891 585 1952 undas
601 1891 726 1975 pallidae
742 1890 880 1974 nimphae
897 1893 1021 1952 Pirenes
1037 1911 1104 1951 non
1120 1911 1178 1972 ego
1192 1890 1271 1952 milri
1287 1913 1333 1954 as·

284 1987 448 2061 sumo,sed
456 1985 516 2046 illis
523 1986 666 2068 relinquo
675 1987 797 2047 vatibus
802 2007 951 2068 ,quorum
959 2001 1066 2048 statuae
1073 1985 1209 2058 frontem
1216 1986 1333 2050 habent

283 2082 397 2144 hedera
413 2104 509 2164 usque
525 2098 555 2144 et
570 2103 667 2164 usque
683 2095 822 2164 serpente
838 2084 1017 2144 revinctam.
1037 2083 1143 2142 Homo
1160 2103 1228 2142 sum
1244 2104 1332 2167 paene

283 2181 430 2252 rusticus3
451 2199 508 2259 ego
530 2199 655 2260 quoque
676 2192 781 2237 tamen
801 2199 925 2238 carmen
944 2179 1026 2240 addo
1046 2199 1150 2240 meum
1172 2181 1262 2240 sacris
1280 2202 1333 2242 va·

283 2291 352 2338 tum
371 2276 569 2338 carminibus.
593 2277 671 2336 Sunt
684 2277 763 2334 enim
776 2273 845 2336 atiae
859 2297 916 2350 res,
937 2289 1041 2358 preter
1053 2289 1245 2353 memoratos,
1266 2299 1333 2361 quoe

283 2389 395 2436 acuant
412 2377 571 2457 inpertiam.
591 2372 668 2450 Quis
682 2393 795 2457 nempe
809 2373 962 2456 expedivit
978 2375 1107 2457 psittaco
1122 2373 1281 2456 linguam,
1297 2391 1333 2437 nt

282 2475 499 2555 pronuntiaret
514 2492 622 2532 vocem
640 2469 720 2530 hanc
739 2473 799 2531 sibi
815 2473 903 2554 quasi
926 2475 1102 2556 propriam,
1123 2472 1238 2534 satvr?
1255 2473 1332 2551 Quis

283 2570 390 2630 docuit
403 2572 486 2651 picas
500 2582 617 2628 tentare
631 2568 724 2629 verba
738 2568 925 2631 hominum?
941 2569 1053 2647 fames,
1070 2593 1139 2654 quae
1154 2573 1274 2653 optima
1287 2583 1331 2630 est

282 2663 1177 2750 artismagistra‚quoelargstnringminm,docetquevoces
1187 2667 1302 2724 imitari
1312 2685 1330 2721 a

282 2779 394 2824 natura
409 2775 543 2842 negatas.
558 2761 652 2838 Quod
664 2765 688 2823 si
701 2785 770 2847 spes
781 2761 859 2822 lucri
872 2759 1037 2842 affulgeat,
1052 2764 1221 2842 fucumque
1236 2757 1332 2816 faciat

282 2859 393 2935 oculis,
411 2858 553 2920 homiues
566 2859 615 2920 vel
629 2862 762 2920 maxime
776 2859 931 2942 imperiti,
951 2861 1051 2920 corvis
1063 2874 1093 2920 et
1106 2859 1183 2942 picis
1196 2851 1329 2931 similes,

281 2955 357 3017 fient
364 2969 477 3038 poetoe3
487 2969 517 3016 et
527 2957 571 3016 ita
578 2973 704 3032 canent,
714 2970 749 3017 ut
759 2955 866 3016 audire
875 2953 980 3016 credas
989 2954 1086 3016 melos
1095 2951 1328 3025 suavissimum,

281 3051 372 3133 quale
386 3053 485 3113 oritur
496 3073 532 3113 ex
543 3052 750 3138 Hippocrene.
