3052 4854
530 419 700 486 SATlRA
726 423 889 488 PRIMA.

186 548 342 618 Laudant
352 549 503 615 convivae
514 572 521 612 :
534 571 626 614 nunc
637 571 706 614 non
719 571 737 614 e
748 547 905 630 manibus
917 549 997 634 illis,

186 665 285 728 Nunc
296 683 366 727 non
379 674 397 725 e
408 656 541 726 tumulo
553 653 791 753 fortunataque
802 657 916 727 invilla

187 777 374 838 Nascentur
383 767 813 862 violaeP—Rides,ait,et
824 771 925 837 nimis
937 773 1033 838 uncis
1200 792 1236 858 40

187 882 330 950 Naribus
343 879 508 972 indulges.
522 885 574 947 An
587 882 666 962 erit,
681 882 740 973 qui
750 878 837 947 velle
848 895 981 948 recuset

188 997 235 1062 Os
247 992 363 1086 populi
375 995 554 1075 meruisse,
569 1007 618 1073 et,
631 990 731 1059 cedro
744 990 845 1084 digna
855 990 1001 1074 locutus,

187 1107 355 1198 Linquere
366 1128 430 1170 nec
441 1101 615 1170 scombros
627 1105 811 1170 metuentia
823 1106 992 1186 carmina,
1004 1127 1067 1173 nec
1077 1103 1180 1175 thus?

188 1217 404 1309 -Quisquis
416 1236 469 1296 es,
482 1238 503 1281 o
515 1213 616 1282 modo
629 1237 732 1309 quem
743 1235 784 1281 ex
796 1213 937 1282 adverso
949 1213 1060 1284 dicere
1072 1217 1156 1300 feci,

187 1332 263 1393 Non
275 1349 354 1418 ego,
367 1350 474 1420 quum
487 1323 612 1408 scribo,
626 1328 655 1393 si
666 1325 753 1394 forte
765 1324 847 1420 quid
859 1328 969 1418 aptius
983 1331 1067 1411 exit,
1203 1341 1238 1410 l⁵

188 1435 349 1522 (Quando
362 1435 434 1504 baec
446 1460 521 1503 rara
533 1439 603 1504 avis
615 1441 684 1522 est)
698 1438 727 1503 si
742 1434 823 1530 quid
834 1453 948 1504 tamen
959 1442 1070 1529 aptius
1082 1441 1169 1522 exit,

189 1546 335 1615 Laudari
346 1563 511 1629 metuam;
525 1571 636 1641 neque
648 1549 738 1615 enim
749 1546 832 1614 mibi
845 1569 967 1615 cornea
978 1548 1063 1616 fibra
1074 1565 1134 1618 est.

189 1656 254 1726 Sed
266 1660 348 1726 recti
356 1657 532 1753 finemque
544 1677 801 1752 extremumque
813 1681 887 1725 esse
899 1683 1018 1727 recuso

190 1771 283 1836 Euoe
294 1787 392 1835 tuum
405 1784 438 1836 et
450 1790 559 1836 nenne.
574 1773 659 1835 Nam
672 1789 769 1836 nenne
780 1766 846 1834 hoc
857 1785 977 1837 excute
988 1785 1114 1837 totum:

190 1879 280 1964 Quid
292 1902 362 1945 non
373 1881 465 1947 intus
478 1879 682 1946 habetinon
695 1878 750 1945 bic
762 1892 813 1944 est
824 1877 902 1946 Ilias
915 1885 983 1946 atu
1205 1893 1240 1947 50

190 1991 290 2058 Ebria
302 1995 453 2058 veratro?
464 1994 592 2074 non,si
605 2016 672 2086 qua
683 1988 825 2082 elegidia
837 1990 933 2059 crudi
1157 1990 1160 2002 ¹

191 2105 369 2170 Dictarunt
380 2107 555 2195 proceres?
567 2127 649 2184 non,
663 2101 828 2196 quidquid
840 2103 986 2196 denique
997 2100 1090 2170 lectis

192 2281 285 2340 quam
302 2262 343 2319 sic
362 2272 502 2342 exceptus
521 2258 584 2320 esti
602 2262 714 2319 Nonne
732 2261 810 2317 cinis
830 2258 895 2338 ejus
914 2257 1040 2317 mollius
1061 2257 1242 2338 requiescit?

190 2357 302 2415 Nonne
317 2355 396 2436 lapis
408 2359 462 2435 qui
477 2359 575 2435 surgit
592 2357 626 2412 in
645 2352 819 2435 sepultura,
836 2353 1101 2412 leviorincumbit
1110 2353 1242 2433 jacenti?

190 2450 321 2510 laudant
332 2453 448 2530 excepti
459 2451 603 2510 convivio
614 2461 643 2508 et
652 2451 731 2529 pasti
744 2447 902 2522 homines:
916 2463 1022 2506 nonne
1033 2446 1106 2507 hinc
1116 2451 1175 2508 erit
1183 2453 1242 2510 ima

192 2544 466 2603 mortalislNonne
474 2541 595 2602 tumulo
604 2543 693 2601 flores
703 2544 915 2616 innascentur,
924 2543 1122 2623 orienturque
1132 2565 1166 2603 ex
1176 2544 1241 2626 ejus

190 2642 370 2702 beatissimo
382 2639 494 2700 busto?
506 2675 545 2684 -
561 2641 696 2716 locaris,
712 2639 792 2700 dicet
808 2637 884 2699 mihi
900 2639 1107 2716 adversarius,
1122 2655 1152 2701 et
1166 2645 1240 2703 risui

191 2741 283 2799 nimis
295 2739 446 2820 indulges.
460 2739 599 2814 Etenim,
612 2761 653 2800 an
665 2752 709 2799 est
720 2741 886 2820 quisquam
900 2739 1080 2816 hominum,
1092 2743 1146 2822 qui
1160 2742 1241 2803 nolit

191 2840 302 2900 mereri
313 2838 429 2898 famam
439 2851 469 2898 et
478 2837 599 2912 laudes3
616 2840 685 2919 qui,
698 2839 723 2898 si
733 2837 830 2898 modo
841 2839 916 2918 quid
926 2838 1100 2899 condiderit
1108 2841 1238 2921 dignum

192 2936 336 2995 asservari
345 2933 654 3010 cedrinoole0,nolit
662 2932 722 2995 hoc
730 2937 901 2995 consecrari
911 2936 950 2994 ad
960 2935 1238 3016 immortalitatem,
1259 3001 1262 3016 Ι

191 3045 221 3093 et
233 3035 274 3092 ita
288 3031 395 3092 haberi
405 3033 439 3091 in
451 3033 565 3113 pretio,
580 3045 615 3092 ut
627 3053 727 3113 neque
738 3031 985 3092 salsamentarios
997 3047 1127 3111 metuat,
1139 3055 1240 3116 neque

190 3128 366 3190 thurarius?
380 3165 420 3176 -—
436 3129 524 3205 Otn,
537 3132 677 3210 quisquis
688 3151 734 3206 es,
750 3151 842 3210 quem
857 3150 914 3210 ego
926 3128 1005 3188 mibi
1023 3133 1113 3191 statui
1130 3131 1238 3192 adver-

191 3228 306 3287 sarium
323 3238 353 3285 et
369 3247 489 3286 mecum
507 3227 603 3287 modo
616 3227 860 3308 colloquentem,
875 3228 900 3286 si
913 3226 988 3307 quid
1006 3225 1149 3304 forsitan,
1162 3228 1236 3288 dnm

191 3324 306 3397 scribo,
323 3324 395 3382 satis
412 3322 609 3404 probandum
629 3322 777 3383 ediderim
793 3325 989 3404 (quanquam
1006 3322 1072 3384 haec
1088 3327 1152 3386 avis
1169 3347 1238 3386 rara

191 3434 248 3494 est,
260 3431 292 3479 ut
303 3423 345 3479 ait
354 3419 548 3501 prouerbium)
560 3420 611 3480 sed
622 3422 646 3479 si
657 3419 733 3501 quid
744 3419 803 3481 tale
813 3420 976 3496 ediderim,
990 3443 1055 3480 non
1069 3424 1093 3482 is
1105 3444 1171 3482 sum
1183 3427 1238 3504 qni

191 3518 310 3580 laudari
321 3519 448 3584 timeam
458 3541 466 3590 3
477 3521 667 3600 nequeenim
679 3540 734 3578 cor
740 3519 868 3578 estmibi
878 3518 1035 3601 lapideum
1043 3563 1051 3594 ,
1059 3519 1143 3600 quod
1152 3521 1239 3581 nulla

190 3618 288 3698 possit
302 3616 394 3677 laude
409 3616 539 3676 titillari.
563 3618 839 3677 verumenimvero
860 3637 941 3697 nego
965 3629 1082 3676 rectum
1107 3618 1239 3698 pendere

192 3733 227 3772 ex
239 3711 287 3772 bis
299 3713 572 3773 acclamationibus
588 3712 722 3796 pulchre,
737 3713 823 3788 bene,
838 3733 915 3794 quas
927 3729 961 3772 tu
973 3725 1093 3772 tantum
1104 3715 1239 3792 jactitas,

193 3822 284 3889 atque
297 3812 335 3870 iis
348 3813 518 3871 terminari.
539 3811 674 3892 Explore
687 3815 771 3872 enim
787 3813 857 3870 istas
870 3831 959 3869 voces
969 3808 1064 3890 paulo
1077 3809 1239 3886 attentius,

192 3908 309 3986 etquid
320 3909 494 3990 significent
506 3912 653 3971 intueare.
670 3911 727 3970 Cui
740 3911 827 3992 operi
839 3929 905 3968 non
916 3907 1115 3968 tribuuntur?
1127 3907 1239 3968 Nonne

191 4004 242 4062 isti
262 4001 351 4061 lliadi
369 4005 564 4081 tribuuntur,
584 4026 679 4086 quam
695 4005 815 4087 scripsit
831 4005 945 4078 Attius,
964 4002 1067 4061 ebrius
1082 4001 1239 4062 elleboro?

192 4103 304 4162 Nonne
314 4100 379 4159 istis
388 4103 543 4164 versiculis
553 4103 659 4183 elegis,
672 4123 750 4183 quos
760 4101 952 4163 dictaverunt
963 4118 1102 4179 proceres
1114 4119 1239 4179 gravem

281 4197 350 4295 ΙΙΙ.Ι
1057 4221 1075 4262 2
