3052 4854
277 409 297 476 8
449 406 605 472 VARIAE
627 401 901 468 LEGTIONES
924 402 986 467 ET
1009 399 1146 468 NOTAE

311 535 378 586 Nor.
392 533 416 586 3.
427 531 498 585 Sic...
505 527 781 603 prodirem.-Sic‚h.
790 545 813 578 e.
822 530 878 580 siue
888 526 994 593 labore,
1004 528 1060 582 ains
1067 527 1168 594 studio,
1176 525 1227 580 diis
1232 530 1323 600 juran-

275 611 354 665 tibus.
364 611 454 664 (trees
466 608 567 662 locutio
575 623 630 662 est:
642 604 701 660 odra
711 609 780 659 enim
788 608 886 677 pussim
895 607 1176 678 accipitur,uthicsic.
1184 603 1319 660 Demosth.

275 689 368 763 Philip.
380 691 406 742 l:
416 688 479 755 ὑμεῖς
488 689 514 740 ds
524 689 583 741 siro
593 688 644 743 mir
656 687 711 740 s'rto
722 681 871 754 oepappisrar
882 681 1022 750 λιμέέιηι.

305 879 366 924 Via.
384 875 407 934 4.
425 876 637 940 Heliconiodcaque.
647 874 739 920 liabent
751 885 775 921 et
784 873 853 921 codd.
863 871 1019 924 Heliconidum
1034 871 1139 921 Admittit
1151 887 1277 937 unumque
1285 872 1323 920 len

273 966 368 1008 versus,
386 962 409 997 et
423 951 502 997 Graeca
514 945 750 1010 mtogtafumsm
767 950 830 994 enirn
847 946 933 994 dicitur
950 961 1017 1009 arque
1036 960 1063 992 ae
1074 940 1217 996 ‘nestrae
1231 945 1323 994 uetes-

273 1022 353 1068 niodos
362 1035 421 1067 vero
428 1019 521 1084 praetuli
531 1024 565 1065 ι’.
574 1020 628 1082 qnia
636 1019 707 1080 magis
715 1019 824 1064 usitatum
832 1017 903 1064 iubae
910 1016 1002 1064 ridetur
1008 1016 1147 1064 Heliconius.
1157 1017 1252 1064 Hesiod.
1262 1020 1322 1066 Gen.

272 1092 345 1138 Deor.
358 1092 457 1154 princip.
468 1079 752 1138 Moueaior'Eautnruihs
762 1079 885 1150 dpxo'psd'
893 1082 981 1135 deibus.
992 1090 1085 1135 Lucret.
1095 1087 1140 1144 lll,
1152 1087 1225 1135 1050:
1238 1087 1323 1134 ridde

273 1162 447 1210 Heb'oorra'ndum
458 1162 568 1217 comites,
579 1175 681 1224 qnorum
692 1175 752 1206 unus
764 1160 906 1206 Homerus·
925 1163 961 1206 π’.
977 1163 1030 1207 Non
1046 1159 1133 1223 vulgari
1148 1158 1238 1221 jndicio
1253 1169 1323 1222 poeta

273 1230 354 1279 meluit
364 1229 532 1278 Helicoras'odus.
551 1231 626 1276 Aucto
639 1231 701 1276 enim
715 1227 856 1292 syllabarum
867 1244 966 1276 numero
976 1246 1004 1278 ac
1012 1233 1140 1293 presertim
1152 1231 1238 1277 inserts
1248 1227 1324 1276 vocali

272 1300 445 1362 grandisonae,
455 1314 546 1348 versum
555 1298 649 1347 ridebat
660 1297 721 1344 effici
728 1297 847 1360 amplioris
856 1299 908 1344 soni
920 1311 943 1346 et
953 1299 1152 1364 rependimus,
1162 1299 1226 1363 quod
1234 1297 1323 1361 optime

272 1372 428 1421 conveniebat
436 1373 570 1428 sententie,
579 1386 625 1435 qua
632 1369 798 1434 grandiloquos
804 1380 886 1436 poetas
892 1369 1074 1418 modestissimus
1081 1374 1131 1434 ipse
1139 1373 1242 1433 agitaret.
1251 1371 1324 1415 Pecu·

271 1440 435 1492 liarislausest
445 1457 582 1504 maqnoruna
596 1444 737 1506 scriptorum
754 1452 833 1504 aptare
847 1440 973 1489 affectibtu
986 1458 1056 1491 voces
1071 1456 1094 1489 et
1110 1457 1186 1490 sonos.
1197 1441 1250 1488 Vid.
1262 1439 1323 1486 inire

271 1515 303 1562 ad
317 1517 385 1563 satir.
399 1517 428 1575 V,
441 1515 516 1561 initio.

307 1614 376 1666 Nor.
386 1615 410 1682 4.
419 1611 840 1686 Heliconiadusquepollt'damqu'e
845 1611 1324 1678 Pirenen.—Helicouiodas,lllusse,

274 1694 308 1748 ab
317 1695 446 1748 Helicone
455 1707 546 1748 moute
553 1694 719 1747 ubimuime
726 1692 898 1759 colebantur,
908 1693 1000 1748 dictas.
1011 1724 1048 1734 -
1063 1693 1157 1747 Pirene
1164 1697 1224 1747 fons
1232 1694 1322 1745 erutin

273 1772 475 1828 Acrocorintho.
484 1773 562 1826 Diod.
572 1776 621 1840 tv,
630 1777 761 1844 743Paus.
770 1773 890 1826 Corinth.
898 1773 975 1839 11‚3;
988 1773 1072 1827 strab.
1081 1795 1108 1847 p.
1119 1775 1178 1828 582.
1186 1775 1228 1828 Sic
1235 1771 1269 1825 de
1276 1770 1322 1824 illo

272 1855 348 1908 fonte
356 1853 592 1910 memoretPlinins
599 1853 746 1920 secundus,
754 1853 773 1907 l.
781 1855 825 1920 lV,
833 1873 856 1906 c.
866 1852 882 1907 5
891 1875 897 1904 z
910 1877 921 1900 ι
931 1853 1022 1906 Medio
1029 1853 1082 1905 hoc
1090 1850 1323 1926 intervallo,quod
1421 1881 1424 1892 .

272 1936 400 1990 isthmum
408 1933 1322 2008 appellavimus,upplicstacollihabitaturcolonirCorinthus,sntea

274 2015 378 2089 Ephyra
388 2015 473 2082 dictu,
481 2017 616 2086 sexagenis
623 2015 658 2067 ab
665 2029 781 2087 utroque
787 2013 877 2066 littore
884 2012 989 2079 studiis,
997 2033 1012 2065 e
1020 2031 1172 2068 summanus
1181 2033 1255 2081 arce,
1264 2033 1322 2086 quse

273 2109 383 2149 vocatur
395 2095 620 2162 Acrocorinthum
634 2097 661 2148 in
675 2112 727 2167 qua
737 2096 798 2148 fona
811 2096 918 2160 Pirene,
930 2092 1032 2146 diversa
1047 2093 1101 2146 duo
1116 2097 1198 2147 maris
1212 2112 1323 2167 prospe·

273 2188 357 2228 ctsns.
368 2200 379 2224 ι
391 2177 452 2228 Huc
461 2176 522 2228 ideo
532 2174 684 2246 diligentius
694 2173 812 2228 notanda
821 2176 945 2239 fuerunt,
954 2187 1084 2226 uteorum
1092 2177 1183 2247 opinio
1192 2173 1322 2226 refellere·

273 2258 368 2328 torqui
375 2257 485 2311 Pirenen
492 2255 587 2309 vellem
595 2273 652 2309 esse
660 2253 844 2319 crediderunt,
852 2252 899 2306 ubi
907 2251 1044 2306 studerent
1054 2266 1143 2326 poete.
1155 2254 1237 2305 Vetus
1245 2252 1322 2305 acho·

272 2337 411 2392 lisstesltic
419 2351 495 2391 notet
503 2338 614 2392 Pirenen
623 2355 680 2390 esse
690 2335 792 2390 fontem
804 2335 938 2390 Heliconis
950 2337 1063 2388 montis:
1077 2340 1153 2408 cujus
1165 2354 1251 2388 errare
1262 2353 1323 2387 seu·

273 2421 383 2472 tentiam
395 2433 421 2472 et
431 2415 594 2478 Pliniilocus
604 2418 649 2471 ille
656 2418 835 2485 demonstret,
846 2432 872 2470 et
882 2419 946 2472 Stet.
957 2416 1080 2470 Genethl.
1092 2417 1206 2482 Lucani3
1216 2430 1243 2470 ct
1251 2415 1322 2468 idem

272 2495 426 2551 'l'hsbsidoa
436 2501 479 2552 111.
492 2500 615 2551 Ceterum
624 2497 687 2550 huic
697 2497 765 2549 lonti
774 2499 825 2549 sim
834 2495 1003 2570 impertiendi
1012 2496 1165 2550 fucultatem
1175 2497 1323 2548 carminum

273 2575 303 2625 iia
312 2577 357 2646 qui
364 2575 492 2632 bibebant
501 2578 628 2648 exequie,
638 2594 693 2628 nou
701 2575 818 2629 tribuere
825 2577 922 2636 Graeci,
929 2578 1007 2629 sicuti
1014 2575 1100 2628 Latini
1106 2579 1256 2649 scriptores.
1264 2575 1323 2626 Hoc

274 2651 336 2704 inde
343 2653 433 2705 forsan
440 2667 574 2725 repertum
583 2667 624 2706 est
630 2653 781 2725 quodjurts
789 2655 890 2705 fontem
899 2653 973 2706 illum
979 2652 1167 2706 simulachrum
1176 2667 1232 2705 erut
1240 2649 1323 2722 Apol·

274 2731 341 2784 linis.
349 2732 450 2803 Religio
458 2732 538 2804 hujus
546 2733 627 2787 fontir
635 2736 698 2786 satis
707 2736 814 2804 antiquo
822 2732 933 2784 videtur.
942 2735 1051 2802 Legitur
1057 2735 1084 2784 iu
1090 2731 1208 2804 Euripid.
1217 2729 1311 2782 Medea
1315 2766 1323 2790 ,

180 2829 182 2834 ’
274 2811 309 2882 69
322 2833 328 2862 :
343 2807 420 2877 ripun
432 2807 491 2880 δέη
503 2809 616 2881 nemisse.
632 2813 670 2864 De
682 2812 762 2883 hujus
779 2813 861 2864 fontir
877 2812 979 2880 origine
991 2812 1119 2863 sanetum
1135 2829 1243 2882 quoque
1258 2820 1322 2860 esta

275 2894 369 2964 poetis.
380 2891 478 2946 Narrat
493 2891 648 2946 scholiastes
664 2891 798 2965 Euripidis
812 2891 872 2942 loeo
886 2892 982 2957 citato,
992 2891 1119 2961 Eropum
1129 2891 1230 2942 Oceani
1239 2887 1323 2941 lilium

275 2969 347 3024 hune
366 2972 469 3024 fontem
486 2973 515 3025 iu
528 2969 639 3044 grstiuin
656 2969 761 3045 sisyphi
774 2971 914 3022 invenisse.
932 2969 1010 3036 Gonf.
1021 2968 1117 3022 Trond.
1139 2986 1197 3038 ²07·
1219 2971 1323 3022 Memo-

276 3063 336 3103 rsut
349 3049 393 3103 alii
402 3050 475 3103 hunc
488 3066 577 3105 ortum
592 3069 648 3105 esse
661 3070 742 3124 pnssn
755 3049 862 3120 ungule
872 3051 973 3121 Pegasi.
983 3051 1076 3122 Eurip.
1089 3049 1171 3102 Elect.
1184 3049 1245 3122 475.
1257 3050 1321 3102 Stet.

276 3130 320 3196 IV,
336 3129 371 3182 6ο
393 3147 451 3204 sqq.
476 3141 502 3182 et
522 3128 586 3182 alibi
601 3131 708 3202 passim.
731 3129 852 3202 Denique
868 3127 964 3180 Pirene
978 3125 1019 3178 vel
1042 3124 1164 3194 Acheloi,
1178 3126 1219 3180 vel
1236 3125 1323 3179 AEbali

276 3207 329 3259 lilia
340 3210 366 3261 ri
377 3208 567 3282 lacrymarum,
581 3227 646 3282 quus
662 3211 697 3262 ob
712 3222 823 3261 mortem
840 3206 977 3261 Cenchriae
992 3207 1038 3259 lilii
1049 3208 1084 3260 ab
1096 3208 1230 3260 Artemide
1242 3209 1323 3260 iuter-

276 3285 338 3337 fecti
347 3286 518 3357 profuderat,
530 3289 557 3340 in
568 3289 669 3340 iontem
681 3300 782 3339 mutate
793 3304 850 3339 esse
859 3285 963 3338 dicitur.
973 3286 1043 3338 Fons
1056 3300 1111 3339 eret
1120 3285 1234 3340 illustris.
1245 3285 1321 3338 Pind.

275 3365 380 3438 Olymp.
389 3369 465 3433 lilii,
475 3368 509 3421 86
518 3386 576 3440 sqq.
589 3367 627 3421 ibi
641 3365 724 3420 schol.
739 3366 815 3420 Ouid.
830 3386 861 3419 er
873 3370 958 3420 Ponto
968 3367 1031 3433 1,3,
1042 3367 1084 3436 75.
1099 3367 1234 3444 Pallidum
1244 3382 1324 3421 vocet

276 3445 403 3511 Pirenen,
416 3449 469 3500 sire
479 3448 553 3521 quud
564 3446 694 3523 nymphe,
706 3467 820 3501 moerore
830 3447 876 3500 filii
887 3449 1024 3514 contecta,
1037 3447 1137 3519 pallide
1146 3449 1217 3520 spud
1229 3464 1323 3522 poetas

276 3527 490 3599 nuncupabatur,
501 3531 555 3588 sire
570 3529 645 3603 quod
659 3531 676 3581 ii
691 3532 736 3602 qui
749 3530 877 3584 bibebant
890 3550 922 3583 ex
931 3531 1006 3604 aquis
1017 3532 1137 3599 Pir-enee,
1149 3545 1233 3603 poete
1245 3533 1322 3598 freti,

277 3605 409 3662 scribendi
424 3607 578 3665 lassitudine
589 3607 733 3684 pallebunt.

305 3779 367 3827 Vis.
380 3765 402 3827 i.
413 3779 464 3827 nus
473 3785 569 3828 remitto.
581 3781 672 3829 liabent
682 3793 706 3827 et
714 3779 792 3826 multe
801 3780 941 3827 membranae
948 3793 1038 3829 veteres
1048 3779 1212 3846 nbuquoned
1221 3759 1322 3836 reruiuo,

274 3847 435 3898 laudatissime
444 3867 450 3897 ε
458 3851 523 3916 quod
531 3852 619 3915 placuit
627 3855 706 3914 magis.
715 3853 832 3914 Signatum
845 3854 907 3899 enirn
917 3853 1013 3900 verbum
1021 3867 1056 3902 est
1066 3853 1130 3916 rpud
1136 3855 1238 3916 optimos
1249 3855 1323 3918 scrip·

277 3931 339 3968 tores
350 3937 394 3983 pro
404 3922 506 3971 oblatum
517 3925 630 3987 rejicere,
641 3923 724 3972 cedere
736 3925 865 3988 proprium.

314 4021 382 4072 Nor.
398 4021 429 4087 5,
439 4022 464 4074 6.
477 4023 593 4094 Qrsontm
603 4013 730 4100 imaqt'ues
740 4024 861 4078 lambunt
869 4025 968 4079 leuem
974 4045 1099 4100 sequaces.
1110 4056 1146 4068 -
1155 4026 1209 4080 Sub
1218 4042 1320 4097 mpera-

277 4097 391 4164 toribua,
407 4099 552 4154 litterarum
567 4104 683 4156 studium
696 4105 737 4156 sel
751 4103 901 4157 colentibus
916 4104 957 4157 rel
973 4105 1164 4172 similantibus,
1181 4117 1323 4178 poetaram
