3056 4856
414 418 464 482 m
489 415 700 482 summm
723 417 993 484 secunaum.
1183 421 1225 512 95

178 545 248 599 enim
258 561 289 595 etr
299 559 355 595 esse
368 539 555 606 credebantur,
566 557 623 610 quse
635 559 690 592 nou
704 559 734 592 ex
743 539 901 594 humoribus
911 541 1038 596 morbidis
1048 551 1226 617 provenirent,

178 624 297 679 Macrob.
311 625 400 677 Somn.
416 621 485 692 Scip.
496 622 526 682 3;
541 620 597 673 Cic.
609 619 642 673 de
652 622 739 674 Dirin.
750 623 776 688 1,
789 621 837 688 433
851 623 961 674 Sueton.
971 623 1082 696 Vespas.
1093 647 1118 698 7.

213 748 282 799 Ncr.
302 743 345 798 ⁵8.
359 741 490 815 Proeciput'
500 753 577 794 sunto
586 780 595 809 ,
604 741 686 814 sitque
697 741 838 796 illisaurea
854 745 986 796 hardm-
995 747 1126 819 Proecipui
1136 762 1227 814 suuto,·
1256 789 1261 802 .

178 827 315 899 praecipuo
329 823 433 876 honore
447 821 580 890 coluntur,
596 841 652 886 nou
667 826 764 876 minori
779 843 859 896 quam
874 825 911 878 dii
924 829 1014 897 magni
1028 830 1087 899 ipsi.
1103 831 1228 901 Proprius

179 908 250 959 enim
258 923 416 976 magnorum
425 902 537 955 deorum
546 902 634 956 bonos
644 902 750 955 videtur
761 905 843 958 fuisse
853 925 932 958 aurea
945 908 1033 968 bardof
1041 909 1112 960 Suet.
1120 909 1177 963 cat.
1185 910 1228 966 52.

180 985 256 1039 Unde
267 988 365 1038 Noster
379 982 459 1036 stulto
469 982 585 1048 bomini,
596 985 643 1055 qui
652 981 715 1036 velit
724 984 851 1036 inferiora
862 987 974 1038 numina
983 989 1117 1059 precipuo
1126 988 1229 1044 honore

179 1065 321 1137 prosequi,
334 1062 427 1115 tribuit
438 1061 487 1113 bas
496 1079 575 1113 voees
586 1082 592 1112 ε
605 1062 689 1135 sitque
698 1061 752 1114 illis
761 1082 839 1115 aurea
853 1065 939 1116 barba.
952 1066 1039 1136 Signis
1050 1082 1137 1120 autem
1148 1069 1188 1121 vel
1199 1089 1230 1123 ει

180 1163 243 1212 ure,
255 1143 296 1197 vul
312 1163 343 1196 ex
357 1142 577 1205 marmorelectis
590 1161 671 1194 aurea
684 1142 804 1215 quedam
820 1159 977 1197 ornamenta
992 1147 1131 1219 quondam
1147 1151 1230 1204 fuisse

180 1228 303 1299 apposita
312 1236 418 1277 constat
427 1241 459 1276 ex
468 1221 622 1275 auctoribus
631 1237 713 1295 atque
724 1243 755 1275 ex
768 1225 832 1294 ipsis
844 1227 1030 1279 monumentis.
1042 1227 1083 1280 Sic
1095 1233 1230 1302 precipuo

180 1305 254 1358 cultu
265 1305 397 1376 propitios
408 1302 458 1355 sibi
470 1301 535 1354 deos
550 1302 765 1354 remunerabant.
776 1303 860 1355 Cicer.
875 1301 908 1356 de
918 1306 1012 1356 Natur.
1024 1307 1105 1358 Deor.
1119 1310 1168 1374 111,
1181 1309 1230 1376 343

179 1383 343 1436 AElian.Var.
356 1383 423 1434 Hier.
437 1382 464 1446 1,
478 1397 524 1443 ²⁰5
536 1379 624 1432 Valet.
637 1383 743 1432 Maxim.
755 1381 783 1447 l,
800 1399 822 1446 t,
840 1401 869 1444 23
882 1383 992 1435 Lucian.
1004 1384 1032 1437 in
1042 1386 1109 1437 Tim.
1123 1401 1187 1441 tom.
1204 1391 1231 1455 1,

179 1482 241 1536 pag.
258 1481 316 1536 107,
332 1462 395 1514 edit.
407 1463 490 1524 Reis.;
503 1460 569 1513 Plin.
581 1463 647 1514 iiist.
661 1462 723 1514 Nat.
736 1453 844 1533 passim.
855 1460 933 1515 Unde
942 1467 1021 1516 etiam
1035 1465 1230 1522 locuaotuisse

178 1545 283 1598 videtur
299 1558 325 1598 et
341 1547 367 1596 in
384 1541 554 1616 proverbium
573 1541 683 1609 abiisse,
697 1561 755 1615 quse
770 1545 882 1596 recurrit
896 1545 968 1616 apud
979 1549 1085 1598 Petron.
1101 1540 1160 1621 cap.
1176 1549 1228 1604 58:

183 1625 278 1676 «Licet
292 1624 397 1675 barbam
411 1640 517 1674 auream
531 1621 661 1674 babeas.-

216 1747 282 1798 Nor.
303 1745 345 1814 59.
360 1743 461 1796 Auitum
480 1763 540 1796 uasa
555 1745 652 1796 Numoe
665 1744 842 1817 Sutuntiaque
855 1743 963 1819 impulit
977 1765 1037 1800 tere.
1052 1779 1088 1790 -
1099 1749 1229 1804 Eumdem

179 1844 293 1878 errorem
304 1826 401 1876 Noster
414 1828 567 1892 insectatur,
580 1835 633 1896 quo
644 1826 823 1876 vetustissima
834 1843 896 1877 rasa
909 1844 980 1879 enea
991 1839 1017 1877 et
1028 1827 1133 1895 fictilia,
1146 1847 1162 1880 a
1174 1849 1230 1884 mu-

177 1905 281 1976 J'oribus
290 1903 323 1956 ad
336 1922 377 1956 res
387 1922 475 1956 sacras
483 1901 616 1970 adhibita,
626 1906 653 1955 in
663 1922 741 1956 aurea
752 1917 939 1957 mutantur.—
947 1906 974 1958 V
971 1924 1015 1958 aso
1025 1909 1136 1971 Numoe5
1147 1922 1229 1964 testa·

181 2003 243 2051 cea,
257 1985 402 2057 simplicia,
414 1982 504 2056 qualia
516 1981 639 2035 adhibuit
650 1985 741 2038 Numa
752 1983 894 2057 Pompilius
906 1985 1066 2057 religionum
1078 1991 1229 2061 rituumque

179 2063 252 2137 apud
260 2067 393 2116 Romanos
403 2063 725 2137 sueton—Saturniaque
734 2081 793 2116 oera.
805 2063 857 2117 Alii
866 2065 1018 2136 intelligunt
1028 2085 1111 2122 terreas
1119 2071 1230 2123 Saturni

180 2157 307 2206 eroterost
324 2144 384 2212 alii,
401 2145 471 2197 iuter
485 2161 553 2215 quos
570 2146 666 2196 eminet
678 2144 869 2212 Casaubonns,
885 2148 1005 2216 pecunie
1015 2165 1099 2216 genus
1110 2167 1230 2218 aarum,

181 2225 255 2295 quod
270 2226 361 2296 primis
377 2223 490 2296 reipubl.
507 2221 671 2294 temporibus
689 2235 744 2275 erat
756 2224 899 2290 usitatum,
916 2241 998 2296 quum
1012 2227 1040 2276 in
1054 2226 1110 2278 tede
1123 2228 1229 2280 Saturni

181 2303 318 2375 publicum
331 2305 449 2355 erarium
463 2315 647 2354 asservaretur.
660 2304 778 2353 Priorem
787 2320 849 2353 vero
860 2317 966 2353 sensum
977 2305 1120 2373 posteriori
1129 2323 1230 2378 prepo-

182 2386 279 2450 tueris,
297 2386 319 2436 si
335 2383 415 2434 modo
432 2384 577 2454 respexeris
594 2380 637 2432 bic
653 2381 695 2452 agi
711 2379 744 2432 de
759 2381 840 2434 rebus
854 2383 941 2434 aureis
958 2399 1015 2452 que
1031 2386 1178 2453 pertineant
1194 2385 1228 2437 ad

181 2462 282 2514 cultum
294 2462 420 2528 deorum,
435 2478 489 2511 non
501 2479 563 2512 vero
578 2458 611 2518 de
626 2460 657 2511 iis
672 2477 729 2529 quae
740 2457 775 2511 sd
787 2478 864 2511 usum
877 2456 987 2512 civilem.
996 2461 1162 2533 -lmpulit;
1177 2465 1228 2516 im·

179 2543 276 2616 pellere
287 2543 383 2594 dicitur
394 2542 427 2594 de
437 2559 469 2592 eo
481 2541 526 2611 qui
538 2539 652 2610 aliquem
663 2533 696 2590 da
705 2551 775 2590 statu
785 2539 888 2610 dejicit,
901 2552 927 2591 et
939 2538 1071 2592 labantem
1085 2543 1113 2594 in
1125 2546 1228 2598 ruinam

181 2623 302 2696 impellit.
309 2621 427 2674 Verbum
439 2639 453 2672 e
466 2637 494 2670 re
508 2621 671 2691 [gymnastico
688 2619 856 2686 translatum,
868 2639 918 2692 pro
930 2639 944 2674 e
956 2621 1061 2692 templis
1077 2627 1188 2677 removit
1202 2641 1228 2680 et

181 2705 314 2758 contemni
334 2703 405 2754 iecit.
426 2703 524 2754 Rerum
544 2717 601 2751 eam
624 2702 823 2752 conversionem
844 2713 1025 2773 mutatamque
1047 2705 1228 2776 imperialibus

180 2783 276 2836 divitiis
288 2780 440 2854 reipublice
456 2793 641 2852 paupertatem
657 2779 733 2832 simul
747 2799 809 2831 cum
823 2782 910 2832 Persio
926 2795 1072 2852 queruntur
1086 2787 1228 2857 scriptores

179 2865 266 2916 Latini
279 2864 333 2915 iere
343 2879 448 2926 omnes,
461 2859 591 2931 precipue
603 2860 659 2912 Cic.
665 2857 792 2912 Paradox.
807 2860 831 2923 1;
844 2873 872 2912 et
882 2859 946 2913 alibi
958 2865 1070 2933 passim;
1082 2864 1150 2917 Plin.
1160 2867 1226 2918 Hist.

179 2947 240 2997 Nat.
253 2943 377 3009 XXXIII,
393 2958 433 3004 11;
446 2954 497 2993 etc.

215 3071 285 3122 Nor.
305 3067 348 3120 60.
365 3063 532 3136 Vestalesque
545 3081 625 3116 umas
638 3075 663 3116 et
682 3063 792 3116 Tuscum
803 3029 895 3134 fictili
906 3075 1000 3119 mutet.
1015 3094 1051 3108 -
1066 3067 1228 3143 Vestalesque

179 3165 271 3209 untes,-
286 3166 359 3199 urna
371 3143 507 3216 qnondam
519 3142 730 3216 simplicissime,
744 3141 840 3216 quibus
851 3161 948 3215 aquam
962 3143 996 3196 ad
1007 3148 1171 3200 sacraVestse
1186 3153 1228 3202 fa·

180 3227 272 3280 cienda
283 3225 401 3280 Vestales
417 3222 573 3296 gestabant,
592 3235 621 3275 ut
637 3221 671 3274 de
686 3223 793 3295 Tarpeii
809 3223 863 3276 filiu
879 3237 973 3276 notum
992 3239 1047 3292 est,
1064 3245 1120 3299 que
1139 3247 1227 3282 arcem

179 3307 283 3360 Sabinis
291 3305 417 3380 prodidit.
427 3306 479 3357 Tit.
489 3301 661 3367 Liv.l;0vid.
671 3303 740 3355 Fast.
749 3305 798 3370 lll,
809 3320 836 3356 tr
848 3321 907 3374 sqq.
915 3333 951 3343 -
964 3305 1073 3360 Tuscum
1076 3305 1178 3380 fictile,·
1192 3309 1227 3362 ab

179 3387 312 3451 Etruscis,
330 3387 376 3457 qui
391 3384 502 3456 plastica
522 3396 548 3435 et
563 3382 653 3452 figlina
670 3401 722 3453 pre
741 3384 842 3436 caeteris
857 3384 1037 3452 excellebant,
1059 3405 1150 3440 omues
1171 3390 1227 3442 fere

179 3468 244 3520 ritus
260 3466 396 3536 religiosos
410 3483 470 3518 cum
485 3464 665 3516 instrumentis
681 3461 714 3514 ad
726 3461 837 3514 deorum
852 3464 951 3517 cultum
966 3467 1159 3537 pertinentibus
1171 3471 1227 3520 110-

179 3549 250 3599 mani
262 3559 429 3618 acceperunt.
442 3548 491 3596 Per
505 3544 615 3596 Tuscum
620 3540 709 3615 fictile
721 3558 834 3613 possunt
847 3544 957 3615 intelligi
969 3564 1022 3597 non
1035 3559 1226 3612 resistentem,

179 3625 226 3678 sed
236 3627 292 3696 ipsa
302 3626 413 3678 deorum
423 3621 593 3690 simulachra,
605 3619 766 3695 quaefictt'lia
775 3625 910 3694 quondam
919 3625 1003 3678 fuere.
1014 3627 1105 3679 Senec.
1116 3626 1225 3678 Consol.

179 3704 213 3757 sd
225 3704 298 3757 Helv.
314 3728 320 3756 t
339 3707 436 3756 «Tunc
447 3722 495 3776 per
500 3701 667 3776 fictilesdeos
680 3701 803 3774 religiose
811 3705 984 3774 jurabatur.»
1005 3735 1040 3745 -
1059 3707 1161 3766 Mutet‚·
1175 3724 1225 3776 pro

178 3804 256 3838 usum
266 3804 357 3838 eorum
372 3783 449 3838 tollit.
463 3784 545 3837 Simul
557 3802 617 3834 curn
623 3780 752 3855 fictilibus
762 3787 889 3857 pietatem
898 3786 982 3838 luisse
993 3785 1123 3840 sublatum
1133 3805 1148 3838 e
1160 3800 1226 3840 tem·

179 3866 229 3940 plis
240 3879 341 3919 veteres
352 3881 470 3918 monent.
482 3864 603 3918 Juvenal.
611 3867 662 3932 Vl,
675 3864 726 3931 342
739 3882 796 3938 sqq.

210 4043 270 4086 Vttt.
283 4040 322 4086 6ι.
333 4039 436 4088 Ocurura
447 4043 471 4086 t'n
483 4049 554 4088 tenus
565 4042 648 4084 emme
656 4047 678 4084 et
688 4038 811 4088 cubadum
823 4042 914 4086 imm!
924 4065 955 4076 -
966 4039 1012 4086 atii
1024 4037 1103 4100 legunt
1113 4043 1136 4086 in
1147 4047 1224 4100 mats,

179 4110 242 4172 quod
256 4126 322 4174 aque
334 4108 404 4154 babet
421 4111 564 4156 auctoritatis
582 4123 606 4156 et
618 4112 756 4166 latinitatis,
772 4111 883 4174 quodque
895 4123 974 4156 tuetur
989 4111 1017 4155 sd
1031 4125 1124 4157 sermm
1136 4115 1224 4161 Caun-
