3052 4854
519 432 687 497 SATlRA
713 435 877 498 PRIMA.

181 557 345 640 plorabit,
360 559 419 650 qui
430 581 484 624 me
496 557 587 624 volet
598 561 792 626 incurvasse
805 560 950 653 querela.

227 706 272 716 -
285 665 347 734 Sed
360 668 509 734 numeris
522 665 624 734 decor
634 684 686 735 est
698 684 732 734 et
738 666 899 759 junctura
910 669 1023 738 addita
1035 675 1158 744 crudis.

181 817 229 828 -—
240 775 403 846 Claudere
415 779 463 844 sic
475 801 609 850 versum
621 776 752 846 didicit:
768 779 1153 866 rBerecrntbiuselttin,

187 919 200 948 a
214 893 256 954 Et
265 891 322 981 qui
333 885 521 954 caeruleum
533 887 711 955 dirimebat
723 893 830 956 Nerea
841 888 1007 983 Delphin;

187 1000 266 1067 «Sic
277 1013 404 1066 costam
416 996 518 1088 longo
529 995 752 1064 subduximus
764 1001 953 1090 Apennino
971 1031 984 1060 »ι
1195 1016 1229 1086 9⁵

182 1116 275 1176 Anus
287 1131 406 1188 visun
418 1131 531 1175 nonne
543 1107 607 1176 hoc
619 1132 819 1199 spumosum
831 1125 865 1176 et
876 1113 999 1179 cortice
1010 1113 1149 1202 pingui?

183 1223 229 1286 Ut
240 1216 365 1286 ramale
376 1233 471 1285 vetus
483 1216 674 1309 praegrandi
687 1217 807 1286 subere
819 1236 964 1288 coctum.

181 1330 369 1416 Quidnam
361 1333 462 1422 igitur
474 1345 643 1411 tenerum,
657 1347 691 1398 et
701 1330 776 1399 laxa
788 1334 917 1400 cervice
928 1332 1131 1426 legendum?

186 1471 200 1500 a
212 1445 323 1510 Torva
335 1440 559 1510 Mimalloneis
572 1440 757 1533 implerunt
768 1466 896 1510 cornua
906 1444 1058 1526 bombis,

187 1556 254 1619 «Et
265 1569 401 1643 raptum
413 1550 518 1619 vitulo
528 1568 630 1645 caput
640 1550 794 1620 ablatura
806 1553 952 1645 superbo
1181 1583 1229 1618 100

187 1667 373 1744 «Bassaris,
388 1679 422 1731 et
433 1662 569 1756 lyncem
581 1669 710 1731 Maenas
722 1662 853 1731 flexura
864 1665 1052 1758 corymbis,

188 1777 317 1841 aEvion
329 1776 530 1865 ingeminat:
543 1771 740 1865 reparabilis
752 1789 890 1842 assonat
902 1774 1005 1845 Echo.
1019 1807 1032 1836 a

183 1889 263 1952 Haec
275 1885 410 1966 fierent,
425 1887 453 1953 si
465 1884 611 1952 testiculi
622 1909 708 1953 vena
720 1883 789 1952 ulla
801 1889 934 1976 paterni

183 1999 318 2063 Viveret
329 2000 363 2062 in
377 1997 493 2064 nobis?
505 2019 637 2063 summa
649 1995 808 2064 delumbe
821 1995 925 2066 saliva

184 2112 256 2175 Hoc
268 2124 361 2176 natat
371 2110 407 2174 in
418 2106 537 2190 labris,
550 2123 584 2174 et
594 2111 629 2174 in
643 2108 709 2175 udo
722 2126 773 2176 est
784 2111 906 2177 Menas
918 2127 951 2177 et
962 2113 1077 2194 Attin,
1185 2123 1233 2173 105

185 2366 290 2432 portas
302 2355 335 2414 in
347 2353 488 2414 humero.
506 2353 569 2431 Qui
579 2355 712 2415 voluerit
723 2377 774 2415 me
785 2355 916 2436 querelis
926 2363 1136 2426 commovere,
1149 2372 1234 2410 veras

187 2449 326 2509 effundet
341 2451 508 2531 lacrymas,
520 2471 619 2530 neque
632 2451 773 2511 dolorem
783 2454 872 2533 quasi
887 2441 1096 2532 recitabit'per
1111 2461 1234 2508 noctem

187 2547 358 2606 accuratius
370 2547 587 2627 compositum.

226 2664 274 2722 92.
289 2641 374 2702 Mon.
387 2644 425 2702 At
434 2643 519 2701 enim
532 2663 650 2718 versus,
663 2645 718 2725 qui
728 2646 815 2726 prius
826 2659 914 2704 erant
924 2645 1076 2727 incompti
1088 2657 1118 2703 et
1129 2640 1234 2717 rudes,

187 2739 296 2800 decore
308 2753 338 2799 et
349 2741 558 2800 concinnitate
573 2761 657 2801 nova
672 2763 756 2802 nunc
774 2757 935 2802 ornantur.
954 2777 995 2787 -
1010 2745 1098 2803 Paas.
1118 2738 1234 2801 Scilicet

187 2859 290 2899 recens
302 2841 462 2899 inventurn
475 2852 519 2898 est
530 2837 656 2921 hujusce
668 2841 754 2900 modi
765 2862 868 2900 versus
880 2840 1011 2922 fingere:

646 2936 883 3009 ...Berecynthius
896 2939 984 3002 Attin,

328 3015 361 3068 Et
376 3035 421 3086 qut
414 3014 574 3068 ceruleum
587 2975 728 3070 dirimebat
741 3020 826 3070 Nerea
839 3016 968 3088 Delphin;

328 3095 370 3146 Sic
384 3110 485 3148 costam
498 3095 579 3166 longo
593 3096 765 3150 subduximus
777 3098 936 3171 Apennino.

188 3182 319 3272 Carmen
332 3181 557 3264 Virgilianum‚
575 3204 638 3264 prae
650 3184 732 3256 istis,
747 3203 854 3244 nonne
865 3203 911 3242 res
922 3193 967 3242 est
977 3180 1047 3240 vilis
1058 3192 1093 3240 ut
1106 3199 1235 3260 spuma,

188 3265 312 3359 pinguis
331 3293 365 3337 ut
383 3300 499 3338 crassus
517 3277 638 3338 cortex?
655 3281 757 3340 Immo
774 3279 867 3337 etiam
879 3277 948 3337 vilis
964 3291 999 3337 ut
1013 3277 1122 3336 vetusti
1140 3276 1234 3348 rami,

190 3377 347 3460 inquibus
362 3388 457 3436 exstat
468 3377 559 3436 suber
577 3375 766 3458 pregrandis
784 3374 847 3435 sole
862 3390 892 3435 et
907 3391 1046 3457 tempore
1062 3386 1233 3434 concoctus.

189 3475 271 3550 Quid
284 3489 385 3536 autem
398 3487 442 3534 est
454 3473 548 3534 molle
564 3496 599 3534 ac
616 3472 797 3534 delicatum?
809 3474 892 3550 Quid
908 3472 1049 3554 estquod
1065 3472 1170 3530 recites
1183 3491 1234 3530 su·

189 3574 282 3651 pinus
292 3589 322 3633 et
333 3575 448 3634 cervice
459 3572 605 3632 blandius
616 3569 743 3652 rejecta?
756 3573 830 3633 Haec
842 3593 952 3654 nempe
964 3569 1117 3630 carmina:

329 3675 414 3724 Torva
427 3671 602 3724 Mimalloneis
613 3669 755 3741 implerunt
766 3690 865 3722 cornua
877 3670 997 3736 bombis,

330 3753 362 3802 Et
375 3765 478 3823 raptum
489 3750 571 3804 vitulo
584 3764 664 3822 caput
674 3749 792 3802 ablatura
805 3751 920 3822 superbo

330 3833 457 3896 Bassaris,
470 3846 496 3883 et
508 3831 609 3903 lyncem
622 3831 720 3882 Maenas
733 3831 830 3883 flexura
845 3829 993 3904 corymbis,

330 3915 413 3964 Evion
424 3915 582 3984 ingeminat,
598 3911 752 3983 reparabilis
764 3925 871 3964 assonat
882 3911 964 3964 Echo.

192 3997 239 4056 An
252 3996 348 4057 simile
359 3999 530 4081 quidquam
543 3999 738 4072 scriberetur,
751 4001 775 4058 si
788 3999 864 4080 quid
876 3997 1104 4058 retinuissemus
1115 3994 1235 4072 paterni

192 4093 325 4174 vigoris?
336 4096 377 4154 Hi
387 4117 489 4157 versus
503 4097 591 4158 fracti
604 4110 634 4158 et
645 4095 781 4157 elumbes
790 4095 919 4156 summis
927 4093 1023 4153 labris
1033 4090 1235 4151 innascuntur
