3052 4854
546 409 599 476 ιιι
623 409 904 478 rnonocuu.
1231 409 1260 510 ,·

204 553 314 616 quam
325 537 591 614 imqiwlhmbsat
607 537 708 592 torm
725 555 851 610 sequacn.
863 539 927 592 Nou
940 539 1028 594 solum
1047 559 1079 596 aa
1099 543 1151 598 boe
1171 545 1252 600 Persii

204 622 368 676 locatarum
377 621 457 673 «iam
466 617 598 672 amatus
607 618 666 672 aliis
674 631 831 692 paurum,
841 621 970 693 inprimis
982 626 1160 680 mendorum
1169 645 1253 700 epp..

205 714 258 767 ret,
272 713 299 753 et
309 699 347 753 illi
359 699 428 752 fonti
440 711 467 751 et
478 696 535 751 aliis
544 696 706 769 quibudam
718 697 877 769 singularam
885 701 937 752 rim
946 701 1030 756 inissa
1041 704 1210 772 attributam,
1221 720 1253 762 ut

205 801 279 854 aquse
292 781 397 834 illorum
413 779 512 834 baustse
525 778 679 833 facultatem
691 781 825 852 poeticam
840 781 1006 853 inspirarent.
1018 781 1129 837 Videtur
1142 805 1174 840 aa
1187 805 1251 859 per·
1351 798 1354 810 ·

204 863 293 916 suasio
307 863 444 914 mestruas
459 858 600 912 hommum
609 870 712 914 mentes
723 872 786 933 post
797 860 905 912 Homeri
922 873 948 912 et
959 861 1069 914 Hesiodi
1078 875 1213 936 tempora,
1223 867 1250 918 iu

146 953 147 958 ’
205 941 455 1014 quommoperibet
463 959 596 1013 nusquam
609 941 839 1014 recurritsneque
852 940 925 1014 apud
938 944 1067 1016 nuqicos,
1081 939 1250 1018 nequsapud
1361 931 1373 943 ⁶

203 1023 344 1076 Pindarum
350 1023 403 1076 tals
410 1021 555 1096 quidquam
562 1022 688 1094 tugiam,
698 1039 860 1094 quanquam
867 1023 982 1078 iontima
988 1023 1107 1097 apollini
1113 1044 1252 1082 sacrorum

203 1103 302 1154 menno
323 1099 362 1155 lbi
385 1101 423 1154 fit.
442 1104 559 1155 Primum
573 1101 654 1172 bujut
669 1102 709 1154 rei
731 1101 871 1172 vestigium
887 1119 1029 1156 occurrere
1050 1101 1158 1158 videtur
1178 1105 1250 1176 apud

202 1183 343 1238 Moschum
351 1181 427 1257 idyli.
439 1179 489 1250 ill,
499 1197 533 1254 77
547 1200 606 1254 sqq.
617 1175 751 1251 Ἀμοὸιιμι
760 1181 908 1254 (Homerus
920 1195 947 1236 et
956 1183 1039 1256 bion)
1049 1184 1143 1250 rupeis
1151 1183 1251 1246 mul·

199 1282 272 1330 pstor·
291 1257 316 1320 le
334 1261 378 1332 pris
398 1261 460 1316 s'rsrt
475 1261 611 1330 supersidet
628 1259 729 1332 spritus,
749 1261 762 1312 d
782 1261 807 1312 θ’
824 1261 875 1330 lxta
890 1260 960 1330 πίμι
980 1261 1026 1320 rir'r
1041 1263 1180 1333 ’Aptiss'no
1199 1265 1251 1318 bli-

202 1360 261 1396 rum
276 1361 340 1397 sans
354 1341 438 1396 rideri
452 1353 558 1414 potest,
572 1337 645 1414 quod
660 1339 804 1394 Pausanias
820 1343 871 1409 tx,
889 1343 922 1396 nil
937 1359 994 1416 sqq.
1012 1343 1059 1396 ubi
1076 1344 1109 1396 de
1121 1343 1250 1397 llelicone

201 1421 312 1494 ejusque
328 1419 447 1475 lontibus
460 1419 588 1494 loquitur,
601 1415 682 1490 hujus
698 1421 736 1472 rei
751 1421 913 1473 mentionem
929 1419 1030 1474 nullam
1046 1421 1135 1475 faciat.
1151 1421 1250 1476 l’iinint

200 1501 303 1573 Major,
313 1516 338 1556 et
350 1503 460 1567 Strabo,
471 1519 586 1574 quorum
596 1513 710 1572 uterque
721 1497 782 1553 loca
795 1498 841 1554 illa
851 1513 879 1552 et
890 1501 978 1554 lentes
988 1514 1122 1570 recenset,
1132 1522 1188 1555 rem
1199 1523 1249 1578 pa·

201 1581 264 1631 riter
275 1581 428 1634 omiserunt.
441 1578 518 1634 Solus
530 1581 586 1632 fere
600 1578 706 1632 Solinus
719 1597 743 1631 c.
756 1597 782 1650 9.
793 1577 863 1632 banc
875 1598 931 1632 rem
945 1579 1028 1632 verbo
1039 1592 1142 1634 tanturn
1154 1583 1248 1656 attigit.

200 1658 381 1728 Quamobrem
399 1657 454 1712 boc
470 1658 574 1712 ridetur
585 1660 765 1711 recentiorum
777 1675 834 1712 esse
845 1671 985 1730 poetarum
995 1671 1188 1713 commentum
1199 1681 1250 1714 nn-

128 1749 130 1754 ’
201 1733 235 1788 de
248 1750 340 1790 natum
356 1737 403 1806 sit,
412 1757 446 1790 ne
464 1755 620 1810 quarsms.
636 1737 766 1791 Ceterum
782 1753 824 1789 res
837 1737 874 1790 lta
883 1748 1032 1814 postea'ast
1043 1751 1154 1812 accepts
1165 1749 1192 1792 et
1203 1758 1249 1794 ex·

199 1817 280 1884 culta,
289 1831 332 1886 ut,
342 1817 495 1873 ‹luerimim
502 1817 617 1872 lentium
624 1819 711 1886 facto,
719 1837 750 1872 ex
761 1821 932 1892 Hippocrene
939 1819 1113 1894 etdganipps
1120 1823 1247 1892 majores,

199 1916 231 1950 ex
242 1901 378 1956 Permesse
390 1902 507 1954 minores
517 1911 604 1974 poetae
615 1899 772 1954 dicerentur.

229 2064 314 2110 Vsus:
325 2079 461 2114 caenosus.
478 2083 501 2114 ι.
514 2063 635 2114 Parnasso.
652 2065 680 2112 in
694 2062 832 2130 quibudam
849 2065 918 2114 codd.
938 2065 1040 2116 Parnasso
1057 2083 1100 2133 per
1114 2069 1210 2118 unicum
1227 2087 1248 2118 s.

198 2129 434 2268 Laeudppqqu'qqraqne
442 2135 513 2185 lectio
525 2148 572 2184 est:
589 2151 642 2184 nam
653 2137 728 2184 Greci
739 2138 803 2185 raris
818 2138 960 2202 amarunt
975 2134 1104 2201 smair,
1112 2136 1249 2203 ‘rupturis

233 2292 302 2354 Nor.
319 2320 344 2366 a,
356 2303 413 2356 Nec
421 2301 450 2356 iu
460 2301 561 2376 bicipiti
567 2303 706 2356 somniasse
714 2301 842 2356 Parnasso
852 2303 971 2355 memini.
981 2332 1018 2345 —
1026 2305 1085 2356 lion
1096 2321 1205 2376 quoque
1214 2301 1249 2357 sd

198 2379 322 2436 ridiculae
334 2395 475 2454 poetarum
491 2381 692 2455 pradicationes
707 2393 817 2454 spectat.
832 2379 1065 2449 Quemadmodum
1079 2385 1148 2435 enirn
1159 2384 1247 2437 fontes

198 2459 235 2512 ilii
246 2465 315 2516 sacri
325 2467 384 2534 poti
394 2461 570 2516 credebantur
584 2463 673 2516 iacere
684 2475 793 2534 poetas,
807 2464 844 2514 sic
857 2463 936 2517 uelut
946 2474 1050 2515 montes
1061 2463 1188 2532 Helicon,
1202 2463 1248 2518 ci·

198 2539 315 2607 theron,
330 2547 474 2596 Parnassus
490 2561 537 2596 sos
552 2545 598 2616 qni
613 2541 839 2609 conscenderent,
856 2556 903 2595 aut
918 2541 985 2594 inibi
996 2555 1171 2598 venarentur.
1186 2545 1247 2600 llaec

199 2623 351 2692 superstitio
358 2659 366 2688 ,
374 2622 562 2696 antiquissimis
570 2639 678 2694 quoque
685 2622 772 2694 poetis
779 2621 923 2685 recentior;
933 2619 996 2675 inde
1004 2621 1097 2676 forsan
1105 2636 1166 2676 nata
1174 2625 1248 2697 quod

199 2702 381 2776 opinabantur
394 2705 511 2777 antiqui,
524 2703 621 2778 quibus
631 2705 659 2758 in
672 2701 738 2756 locis
753 2703 796 2756 rel
806 2699 858 2756 deo
872 2702 915 2756 rel
927 2703 983 2758 dese
997 2708 1158 2760 consecratis
1174 2726 1246 2760 sorn-

198 2801 261 2838 num
274 2798 413 2856 caperent,
423 2782 458 2838 ab
467 2781 564 2836 borum
576 2783 685 2836 numine
698 2781 749 2836 sibi
760 2781 876 2856 aliquam
885 2783 1040 2837 facultatem
1055 2785 1192 2858 impertiri.
1203 2787 1247 2841 so-

198 2864 288 2918 lebunt
303 2867 395 2936 aegroti
408 2865 436 2918 in
453 2861 585 2940 Apollinis
600 2877 646 2916 aut
661 2862 805 2936 AEsculapii
818 2862 923 2936 templis
939 2861 1080 2932 incubare,
1094 2879 1124 2918 ut
1143 2869 1246 2923 somnis

198 2957 350 3017 captarent,
367 2942 465 3016 quibus
477 2942 634 2998 morborum
644 2941 760 2996 remedie
773 2941 907 3014 prescribi
919 2940 1072 2998 eredebant.
1087 2942 1147 3000 vid.
1160 2947 1243 3022 lleyn.

198 3021 230 3076 ad
245 3023 316 3094 Virq.
332 3019 435 3074 AEneid.
451 3017 513 3088 Vll,
529 3019 564 3074 86
580 3040 638 3094 sqq.
657 3020 736 3074 ovid.
753 3020 862 3073 Hes-oid.
877 3021 940 3089 XV,
961 3021 1010 3094 ¹57
1029 3038 1088 3096 sqq.
1107 3023 1243 3098 histoplr.

198 3103 264 3158 Plus.
280 3105 329 3172 4ιι
344 3117 371 3156 et
388 3102 441 3178 679
457 3121 515 3178 sqq.
529 3101 589 3154 Vid.
606 3104 675 3156 infra
689 3101 802 3156 Satiram
818 3101 854 3172 ll,
871 3099 913 3172 57.
928 3131 965 3143 -—
976 3103 1122 3158 somniasse
1137 3107 1247 3160 morini

198 3181 262 3237 dixit
275 3203 326 3256 pro
335 3183 478 3251 somniari,
489 3181 525 3236 ad
534 3181 676 3236 ridiculum
686 3179 839 3254 augendum
849 3179 1061 3256 servandamque
1070 3181 1245 3258 simplicitatis

198 3265 313 3337 speciem
320 3283 400 3337 quatu
409 3261 495 3317 induit
502 3263 615 3319 Persius.
624 3263 756 3316 Potuisset
765 3261 865 3316 scilicet
873 3263 944 3330 fieri,
956 3275 987 3316 ut
995 3261 1066 3316 illius
1078 3265 1117 3316 rai
1128 3277 1180 3317 tum
1190 3285 1244 3320 me·

198 3339 334 3396 morabilis
342 3341 551 3397 oblivisceretur.
560 3373 597 3383 -
607 3340 716 3415 Bict'pt'ti
726 3339 863 3396 Parnasso.
873 3339 901 3394 b.
916 3360 939 3395 e.
949 3341 1065 3394 habente
1078 3339 1133 3395 duo
1143 3345 1244 3416 capita,

197 3419 251 3475 duo
261 3425 413 3493 cacumina,
423 3441 481 3498 qute
490 3424 675 3496 erantsssynbo
684 3421 796 3492 atNisa,
807 3425 874 3491 sive,
884 3435 914 3475 ut
924 3421 980 3476 aliis
990 3423 1090 3495 placet,
1099 3421 1245 3478 Heliconos

199 3502 337 3558 cutmen.
347 3501 467 3558 Alterum
476 3504 594 3580 Apollini
603 3518 630 3557 et
638 3505 722 3558 Musis
734 3521 852 3571 sacrum,
860 3503 972 3557 aiterum
981 3499 1094 3558 Baccho.
1102 3504 1202 3556 Lucan.
1211 3509 1245 3573 V,

199 3597 228 3649 7¹
242 3601 300 3655 sqq.
308 3581 386 3636 Ouid.
395 3585 459 3638 bist.
469 3586 495 3652 l,
508 3583 560 3638 316
570 3603 627 3656 sqq.
637 3583 668 3635 ln
678 3581 793 3655 antiquis
802 3579 910 3638 scholiis
922 3581 1033 3655 legimus
1041 3579 1086 3634 bic
1093 3581 1174 3634 Persii
1183 3600 1243 3633 ver·

198 3659 271 3714 sibus
284 3665 357 3734 tangi
368 3663 497 3732 Ennium,
513 3667 560 3737 qui
569 3665 666 3718 dixerit
676 3663 726 3717 sibi
737 3666 765 3716 iu
776 3664 904 3717 Parnasso
916 3661 1059 3716 somnianti
1067 3664 1151 3715 nsum
1163 3663 1246 3716 fuisse

199 3741 357 3811 Homerum,
371 3757 397 3796 et
407 3744 561 3798 fucultatem
576 3747 708 3818 poeticam
722 3745 774 3797 sibi
787 3747 936 3817 inspirasse.
951 3747 1070 3814 Propert.
1083 3743 1131 3808 lll,
1142 3743 1173 3807 3,
1182 3741 1208 3792 6.

229 3905 289 3952 Vsu.
307 3905 330 3953 ³.
346 3907 380 3953 Ut
391 3917 482 3972 repente
493 3911 527 3956 sie
543 3916 610 3971 poeto
622 3905 745 3973 prodii-eus.
761 3907 862 3956 blnltutn
881 3909 905 3954 in
921 3903 967 3953 boc
982 3919 1051 3952 versu
1069 3904 1159 3950 ruriam
1176 3901 1244 3950 codd.

198 3985 248 4020 tum
262 3977 287 4021 in
303 3977 385 4024 ordine
400 3980 540 4037 verborum,
558 3991 608 4026 turn
624 3982 650 4026 in
666 3993 808 4044 unoquoque
818 3979 899 4027 verbo.
918 3975 1010 4025 liabent
1019 3973 1058 4022 alii
1067 3973 1194 4039 prodirem,
1204 3973 1245 4021 alii

194 4043 280 4102 finem.
297 4043 413 4093 Proditus
430 4048 534 4110 pretuli,
553 4048 617 4113 quod
634 4061 670 4096 est
687 4047 829 4111 cleptim,
842 4062 866 4096 et
881 4065 894 4094 a
913 4049 995 4094 (lnce
1005 4054 1138 4092 mutuatu
1152 4041 1245 4108 inuris·

199 4110 302 4169 κκθυ.
314 4115 389 4176 Fpiet
401 4129 429 4162 ss
441 4111 513 4165 s‘0rr
524 4115 589 4178 isra
598 4114 721 4180 quirem
731 4113 783 4180 istis
793 4113 954 4168 irstuiavls.
