3052 4854
496 443 544 505 ιιι
569 443 782 507 sumnam
806 445 1009 510 amman.
1234 451 1274 535 37

412 625 415 630 Ι
504 566 658 622 ...Subitoque
667 579 750 610 norum
760 579 890 622 consurgere
900 566 981 610 bellurn

429 632 557 676 Romulidis.
565 663 581 674 ..

230 708 279 758 llic
291 724 353 757 vero
365 724 396 758 ea
407 724 459 758 vox
473 704 594 758 eamdem
608 707 662 756 vim
678 704 759 756 habet
776 705 921 770 satiricam,
934 723 1014 776 quum
1030 711 1165 780 superins,
1181 730 1206 762 v.
1223 729 1274 764 no:

230 786 345 857 inpeutes
359 785 435 839 Titos.
444 787 649 858 Componuntur
658 784 781 836 consulto
792 783 938 836 Romulida
950 785 1066 837 erraturi
1076 806 1123 856 per
1128 792 1229 858 jocum.
1241 822 1275 830 -

231 865 301 936 Quid
311 865 355 916 dia
365 877 486 938 poemata
497 877 611 917 nument.
625 865 778 936 Elegantius·
786 863 888 916 locutio
898 883 962 935 pro,
975 867 1155 918 recitationem
1167 884 1275 938 rogant,

229 947 545 1014 atqueinoresaturorum
554 947 665 998 comica.
678 945 730 996 Dia
737 963 786 1016 pro
795 943 868 1010 diva,
880 943 938 995 diva
951 963 1000 1015 pro
1014 947 1275 1014 praestantissima.-

228 1023 288 1076 Moa
300 1038 355 1076 erat
367 1025 438 1096 apud
448 1039 565 1092 veteres,
574 1038 666 1077 nostro
677 1042 731 1075 non
739 1025 848 1096 omnino
857 1023 1134 1090 absimilis,reierendi
1143 1025 1241 1096 aliquid
1249 1029 1276 1080 in

228 1105 348 1156 convivio
361 1104 548 1177 depromptum
565 1125 597 1158 ex
613 1104 793 1157 illustrissimis
811 1105 897 1174 poetis
914 1102 1101 1156 auctoribusra
1117 1104 1188 1172 aliia,
1205 1105 1276 1160 unde

229 1186 335 1236 occasio
345 1199 492 1238 sumeretur
500 1185 660 1252 disserendi,
670 1184 768 1237 insulse
781 1186 875 1254 saepius
888 1196 914 1234 et
925 1185 1028 1254 inepte,
1038 1198 1068 1236 nt
1079 1185 1108 1236 lit
1118 1183 1151 1236 ab
1161 1183 1277 1238 homini·
1375 1193 1384 1200 ‘

227 1261 278 1316 bus
292 1263 353 1316 cibo
365 1279 391 1317 et
402 1269 464 1318 vino
476 1265 561 1338 probe
574 1265 688 1338 repletis.
707 1268 811 1318 Patron.
825 1262 858 1318 55
877 1275 904 1314 et
919 1263 967 1333 595
986 1261 1106 1315 Juvenal.
1118 1267 1167 1330 Vl,
1183 1265 1235 1334 433
1250 1281 1274 1320 et

227 1359 300 1425 sqq.;
313 1347 362 1411 xt,
380 1363 428 1417 ¹77
442 1359 468 1398 et
482 1364 556 1418 sqq.;
571 1345 636 1398 Plin.
648 1347 731 1418 Epist.
744 1347 770 1412 l,
786 1344 831 1411 15,
846 1343 941 1410 mut,
954 1343 1002 1412 36,
1017 1344 1042 1411 h.

257 1477 311 1522 Van
337 1477 375 1525 32.
387 1479 431 1524 Cui
437 1481 522 1525 chrum
532 1478 636 1525 humeros
646 1476 790 1540 hyacinthina
799 1476 858 1523 luna
864 1485 905 1524 eat.
912 1501 945 1514 -
953 1477 1029 1523 llabet
1038 1480 1099 1524 eirea
1108 1477 1168 1541 ⁸⁰7²
1177 1497 1184 1534 ;
1194 1481 1272 1524 lacin-

228 1544 289 1591 thr'na
305 1546 363 1594 lana
376 1552 452 1596 caeteri
467 1549 540 1596 ferme
554 1564 643 1596 omnes.
663 1550 753 1595 Circum
766 1547 901 1602 maluimus,
915 1547 980 1611 qnod
994 1559 1029 1596 est
1041 1550 1114 1610 magis
1128 1551 1237 1596 usitatum
1251 1551 1276 1596 in
1368 1571 1370 1576 ·

227 1618 331 1666 versibus
342 1619 464 1684 leninsqnc
476 1619 521 1668 hoe
533 1621 585 1668 loro
595 1619 625 1666 ad
637 1619 765 1668 elisionem.
778 1619 929 1680 Hymhrthma
941 1618 1001 1666 lana
1011 1619 1123 1682 analogiae
1134 1637 1213 1683 praere
1226 1637 1274 1668 mn·

226 1682 978 1752 gisestcousentaneumscribiturenimingr-aco'Tamirlrroret
984 1687 1276 1756 maltuconjicinntqui·

225 1755 278 1803 dnm
286 1759 386 1809 editores
394 1761 518 1825 legendum
525 1761 646 1817 lentham,
655 1777 705 1808 sese
714 1773 806 1808 tuentes
815 1759 860 1808 hoc
869 1760 921 1807 loco
929 1761 994 1807 Plinii
1002 1761 1086 1822 Major.
1097 1761 1138 1808 lib.
1147 1763 1199 1808 xxt
1206 1799 1212 1820 ‚
1220 1779 1240 1810 c.
1250 1763 1272 1808 6.

228 1841 239 1862 ·
248 1827 354 1893 Solaque
365 1832 499 1892 (cujusdam
512 1835 603 1894 generis
613 1833 691 1890 riola)
703 1849 778 1896 praeco
788 1832 883 1878 nominc
893 1848 904 1876 a
915 1833 1004 1878 certeris
1013 1832 1187 1889 discernuntur,
1196 1831 1275 1896 appel

224 1895 276 1945 latur
287 1904 328 1958 Ja,
341 1917 367 1950 ut
381 1904 410 1949 ab
424 1905 451 1950 iis
462 1903 571 1950 lantlrina
583 1909 660 1952 uestis.
669 1926 679 1945 ι
695 1905 751 1966 Quae
762 1907 876 1950 correctio
886 1906 1014 1952 neccssaria
1024 1904 1098 1958 soret,
1111 1907 1129 1951 si
1141 1922 1218 1970 neque
1230 1923 1274 1952 vox

226 1969 370 2030 hyacinthina
384 1989 551 2038 usurparetur,
568 1987 594 2022 nt
609 1991 652 2022 ror
664 1976 783 2042 janthina,
800 1977 917 2039 usquein
932 1975 1025 2022 edendo
1040 1973 1182 2035 lnacutthma
1197 1979 1271 2026 MMS.

225 2055 392 2091 consentirent.

260 2137 328 2192 Nor.
343 2141 386 2194 32.
397 2142 565 2219 Hicaliqur's,
575 2147 618 2198 cui
624 2147 720 2196 circum
733 2143 852 2198 humeros
860 2134 1032 2217 hyacinthina
1041 2145 1108 2197 lana
1117 2157 1161 2199 cst.
1172 2176 1207 2186 —
1220 2147 1274 2198 Hic

224 2236 273 2290 pro
291 2232 346 2272 tum
359 2241 427 2295 aaepe
439 2228 534 2296 amplus
546 2238 572 2277 et
586 2226 611 2276 in
625 2226 712 2276 Persio
726 2226 790 2275 etin
803 2224 860 2276 aliia
876 2227 996 2276 recurrit.
1016 2254 1051 2263 -
1070 2225 1149 2277 Lana
1166 2228 1274 2295 proprie

223 2302 302 2352 vestis
314 2319 398 2371 graeca
409 2305 530 2376 amplior,
542 2303 641 2372 χλωίιι,
655 2323 733 2374 quam
747 2321 827 2373 supra
840 2317 949 2355 canterus
959 2302 1113 2355 induebant.
1126 2303 1206 2375 Apud
1218 2307 1273 2356 llo·

224 2393 317 2429 manos
329 2379 440 2433 lacerna
450 2401 548 2452 genua,
561 2400 618 2455 qua
631 2395 657 2433 at
669 2381 766 2432 militine
781 2393 806 2432 et
819 2379 891 2432 domi
904 2380 944 2433 rel
959 2383 985 2432 in
999 2384 1078 2434 sacris
1091 2381 1132 2432 vel
1149 2384 1175 2435 in
1191 2385 1273 2436 coenis

223 2455 387 2523 gestabatur,
403 2475 483 2530 atque
499 2479 548 2531 pro
561 2477 610 2512 nau
628 2462 701 2511 vario
717 2460 829 2512 forsitan
843 2458 1097 2525 variabat.·8trabo,
1114 2459 1159 2512 lib.
1175 2464 1223 2528 lv,
1239 2462 1272 2514 de

223 2531 318 2585 habitu
329 2535 465 2589 Gallorum
479 2538 558 2588 alana
570 2537 675 2608 quidem
686 2555 795 2610 aspera,
807 2549 930 2589 caeterum
943 2537 1066 2608 oblongis
1075 2537 1156 2606 villis,
1165 2539 1237 2594 unde
1247 2555 1271 2594 et

222 2609 324 2666 hirsuta
340 2628 433 2669 texunt
448 2616 554 2685 sagula,
571 2635 627 2686 quae
640 2615 715 2668 lanoe
725 2628 880 2668 vocantur.»
894 2616 1003 2682 Cicero,
1018 2619 1045 2668 in
1057 2616 1151 2684 Bruto,
1165 2637 1188 2670 c.
1202 2621 1263 2671 XIV

225 2713 237 2737 a
247 2693 424 2766 strepitum
434 2696 510 2762 dicit,
522 2714 603 2766 quum
614 2697 771 2748 sacrificinm
781 2694 917 2767 publicum
927 2710 988 2746 cum
997 2694 1066 2746 luna
1075 2697 1187 2762 iaceret,
1198 2699 1274 2769 quod

223 2787 279 2824 erat
286 2773 621 2840 FlamenCarmentalia,ut
629 2789 687 2828 erat
694 2774 762 2828 loena
770 2778 935 2842 amictus,ita
941 2777 1044 2827 venisse
1050 2776 1077 2826 in
1085 2778 1250 2832 concionem.
1257 2803 1271 2828 a

220 2853 270 2906 llic
282 2855 429 2909 notandum
437 2855 575 2909 verisimile
587 2875 643 2910 esse
652 2875 684 2908 ex
694 2860 753 2928 ejus
761 2857 840 2908 uestis
850 2875 899 2909 usu
909 2857 1037 2922 Lenaeos,
1049 2858 1120 2908 cives
1131 2875 1271 2926 romanus,

220 2935 329 2986 traxisse
342 2953 449 2987 nomen.
462 2935 575 2987 Martial.
589 2937 677 3006 Epigr.
692 2938 720 2988 in
732 2936 861 3000 Luscum,
872 2935 1066 2988 furacissimum
1076 2939 1225 2990 convivam:

451 3017 476 3060 Ει
486 3025 555 3060 rectus
565 3019 628 3060 tenu
636 3029 692 3074 sape
701 3016 787 3060 duabus
796 3016 849 3059 abit.

220 3115 254 3128 ·-
268 3090 450 3160 Hyacinthum
455 3130 465 3158 ,
477 3089 567 3144 colore
580 3091 767 3164 hyacinthino,
778 3089 805 3142 id
816 3105 871 3158 est,
882 3092 1046 3162 ferrugineo.
1057 3091 1131 3158 Plus,
1143 3107 1174 3146 ut
1183 3094 1271 3166 placet

220 3169 320 3238 poetis,
331 3169 418 3222 dictus
429 3182 466 3223 eat
481 3190 495 3222 a
507 3189 602 3224 cruore
615 3170 760 3243 hyacinthi.
774 3171 852 3223 ovid.
867 3173 975 3224 Metam.
990 3171 1035 3223 lib.
1049 3174 1088 3238 X,
1100 3171 1154 3224 fab.
1165 3173 1189 3226 5.
1202 3175 1268 3242 Quia

219 3264 281 3300 vero
296 3249 375 3300 fuerit
388 3248 432 3301 ille
444 3248 508 3316 llos,
519 3247 593 3302 hand
603 3253 640 3302 ita
652 3263 766 3303 constat.
781 3250 841 3302 Vid.
854 3251 959 3304 Floram
972 3252 1081 3320 Virgilio
1097 3252 1227 3305 adnexum
1242 3256 1268 3306 in

220 3325 269 3378 hac
280 3344 361 3380 utrm.
375 3327 488 3382 Cessero.
504 3328 565 3382 edit.
578 3328 614 3382 ad
627 3348 686 3382 roc.
700 3329 890 3400 Hyacinthum.
902 3361 938 3372 -
948 3330 1131 3401 Hyacinthina
1143 3331 1211 3384 luna
1224 3353 1268 3384 uc-

219 3408 265 3458 etia
278 3421 318 3459 est
329 3410 479 3480 pretiosior,
492 3424 517 3462 et
530 3427 586 3480 quae
596 3408 714 3460 nobilem
724 3406 862 3462 diritemve
872 3409 988 3480 aliquem
999 3408 1127 3478 designat.
1138 3409 1268 3461 Catannn

219 3484 334 3558 aliquem
341 3487 416 3540 illum
424 3507 482 3541 esse
491 3491 624 3542 Neronem
634 3491 721 3560 ipsum
729 3487 872 3540 admodum
878 3489 980 3540 infirma
988 3499 1265 3556 tuentnrargumenta.

219 3563 260 3615 Sic
276 3571 344 3620 enim
356 3571 501 3640 conjiciunt
514 3571 670 3640 interpretes
682 3587 715 3620 ex
727 3567 778 3620 hac
789 3582 862 3621 veste
876 3570 1007 3639 pretiosa,
1021 3579 1101 3636 atqua
1115 3565 1177 3618 inde
1193 3568 1265 3638 quod

219 3649 317 3720 exigua
325 3658 352 3700 et
353 3649 440 3720 fusca
448 3649 607 3701 occuluisse
617 3649 687 3700 Nero
699 3647 796 3700 dicitur
806 3646 879 3719 apud
890 3648 1060 3708 Suetonium
1074 3645 1148 3716 quod
1158 3644 1264 3717 quidem

219 3727 308 3779 vitium
321 3745 458 3799 perperam
469 3730 625 3798 exprimeret
634 3727 709 3779 halha
718 3726 750 3778 de
758 3745 821 3779 nare
830 3725 936 3779 loeutus.

253 3817 320 3868 Nor.
339 3817 382 3870 33.
392 3815 567 3870 Rancidulum
579 3815 705 3888 quiddam
715 3815 790 3868 halba
798 3815 831 3867 de
839 3833 901 3868 aare
910 3814 1017 3867 loeutus.
1027 3843 1063 3854 -
1075 3809 1264 3880 Rancidulum,

218 3893 337 3947 eamdem
353 3898 405 3947 vim
420 3894 546 3948 habetne
560 3895 696 3967 putidum,
712 3895 784 3967 quod
798 3895 929 3948 interdurn
940 3894 1050 3966 ponitur
1063 3911 1112 3962 pro
1127 3894 1217 3963 inepto
1232 3913 1263 3946 ac

219 3971 340 4036 sordido;
354 3975 534 4045 metaphorice
550 3987 691 4047 utrumque
706 3993 720 4027 a
736 3975 859 4029 carnibus
873 3973 906 4028 ml
921 3974 1119 4043 corruptionem
1134 3975 1262 4040 vergenti-

218 4052 278 4104 bus.
287 4082 323 4092 —
333 4051 415 4105 Balha
424 4055 457 4105 de
468 4073 538 4106 aare.
551 4056 647 4108 Durior
660 4053 716 4106 baec
725 4058 851 4125 junctura
862 4053 1108 4126 pronuntiationem
1116 4050 1219 4103 belham
1231 4056 1262 4104 si·

218 4132 272 4184 mul
280 4145 306 4184 et
312 4151 361 4204 per
368 4151 441 4186 nares
448 4137 567 4186 emissam
575 4133 695 4204 designat
701 4131 931 4205 reprehenditque.
941 4133 1031 4182 llorat.
1039 4129 1092 4182 Sat.
1101 4131 1124 4181 ll
1131 4166 1139 4195 ,
1147 4127 1179 4194 3,
1188 4129 1248 4196 ²74·

415 4212 483 4272 Quid?
490 4227 559 4269 quum
568 4214 634 4256 halba
642 4212 692 4257 ieris
698 4227 781 4256 annoso
789 4213 853 4256 rerba
861 4211 940 4268 pelato.
