3052 4854
453 391 502 455 IN
526 387 740 458 SATIRAM
764 394 978 464 pulutat:

387 516 409 560 8i
418 517 501 573 iupus,
509 517 636 570 automno,
644 527 684 562 sut
691 517 788 575 Neptuni
796 518 897 565 lilius...

187 594 226 645 De
239 592 333 645 eodem
344 590 397 643 hoc
409 591 485 662 Lupo
496 593 534 643 sic
545 594 664 644 meminit
675 595 817 661 Horatius,
830 607 877 646 sat.
890 598 926 663 H,
940 613 949 648 t
959 635 967 664 ,
977 600 1011 652 68
1021 623 1027 653 :

416 679 556 736 ramosisque
564 681 623 737 lupo
631 689 733 738 cooperto
741 680 844 726 versibus.

168 767 222 798 ‘-
238 755 353 808 Genuini
361 767 492 806 vocantur
502 751 621 805 dentium
631 757 759 826 postremi
768 755 904 830 iidemque
914 758 1076 815 validissimi.
1093 767 1159 822 l'lin.
1170 773 1238 828 Hiar,

186 836 248 888 Nat.
261 837 298 901 ll,
313 835 361 906 37⁸⁴,
374 835 481 901 Festus,
494 834 539 886 lib.
553 835 613 901 Vll,
627 835 683 886 vult
694 839 733 888 ita
746 835 848 905 dictos,
863 839 936 910 quod
949 859 963 892 a
975 844 1049 915 uenis
1060 844 1237 919 dependeant,

186 915 241 968 Cic.
255 918 279 968 ll
287 913 322 966 de
334 915 435 967 Natura
446 915 580 966 Deorum:
598 913 751 967 sDentibus
762 927 849 968 autem
861 917 889 968 in
904 935 950 970 ore
965 927 1123 977 constructis
1135 930 1240 984 mandi-

186 1009 230 1049 tur
239 1009 319 1069 atque
329 996 362 1048 ab
374 997 407 1050 iis
417 1008 574 1048 extenuatur
583 1008 609 1047 et
621 995 741 1049 mollitur
749 998 838 1062 cibus3
852 1016 945 1052 eorum
956 999 1058 1056 adversi
1067 1010 1139 1059 acuti
1148 1029 1241 1066 morsu

187 1075 309 1130 dividunt
322 1095 409 1138 escast
425 1078 513 1137 intimi,
523 1089 611 1129 antem
624 1077 784 1144 conficiunt,
799 1082 846 1151 qui
857 1081 970 1154 penuini
982 1099 1144 1141 vocamur.-
1159 1121 1196 1132 -
1206 1095 1240 1148 1η

182 1155 254 1222 iliis,
269 1175 306 1209 sc.
319 1158 347 1209 in
361 1155 436 1229 lupo
448 1170 474 1208 et
485 1155 513 1208 in
522 1157 620 1209 Mutia.
636 1156 751 1226 Quidam
761 1158 879 1212 referunt
888 1159 923 1212 ad
932 1162 1036 1230 urim,
1046 1169 1123 1237 quasi
1133 1168 1241 1228 dixisset

187 1238 214 1290 iu
226 1237 281 1290 iliis
293 1238 444 1310 quiritibus.
457 1237 529 1290 Malo
541 1239 659 1309 priorem
671 1241 907 1293 constructionem.
1172 1249 1175 1254 '

221 1346 289 1397 Nor.
313 1345 372 1397 116.
392 1347 475 1398 Omne
487 1343 562 1418 unser
572 1345 664 1398 uitium
677 1346 774 1399 ridenti
782 1348 893 1403 flaccus
904 1353 988 1407 amico
1003 1353 1108 1432 Tunpit.
1120 1387 1156 1401 --
1166 1361 1241 1416 Flac.

186 1441 243 1485 cus,·
260 1425 318 1496 ipse
334 1426 379 1478 ille
392 1428 507 1496 Quintus
521 1427 648 1479 Horatius
663 1425 783 1495 Flaccus,
798 1428 831 1481 de
845 1451 898 1502 quo
912 1451 991 1485 nemo
1004 1454 1058 1490 non
1072 1439 1192 1495 audierit.
1203 1475 1240 1486 -

188 1503 279 1576 Vasa,
297 1508 333 1558 ait
346 1507 482 1574 Nonnius,
500 1509 576 1578 quasi
592 1506 669 1560 valde
683 1507 759 1580 Afer,
776 1511 837 1581 quia
851 1513 977 1566 Afrorum
992 1517 1059 1569 mira
1073 1538 1177 1593 semper
1190 1523 1241 1580 luit

187 1581 329 1654 calliditas,
342 1599 369 1638 et
380 1603 443 1638 vere
455 1585 489 1639 ad
502 1585 647 1639 fallendum
661 1589 740 1659 proni
752 1601 779 1640 et
793 1589 911 1644 solertes.
925 1622 964 1633 —
976 1595 1061 1650 Ome
1074 1599 1166 1654 vitium
1179 1616 1240 1658 tan-

184 1662 239 1734 qu.-
251 1663 345 1716 eodem
359 1665 442 1717 ferme
454 1664 549 1732 modo,
562 1683 616 1736 quo
628 1664 725 1719 dicitur
738 1680 852 1722 tractare
863 1668 973 1724 vulnera
985 1671 1025 1726 vel
1041 1689 1190 1734 attrectare.
1204 1713 1241 1724 -

186 1738 279 1795 Amico
291 1743 388 1796 ridenti
392 1767 402 1807 ,-
412 1744 452 1796 vel
463 1744 615 1812 Harenati,
626 1763 706 1818 quem
717 1747 805 1818 ipsum
819 1750 905 1821 carpit
918 1751 1058 1821 Horatius,
1070 1757 1112 1811 vel
1126 1759 1171 1814 alii
1183 1763 1240 1818 cui·

187 1839 301 1896 cumque
315 1828 462 1878 amicorum
474 1844 530 1878 non
545 1827 669 1879 irascenti
683 1845 714 1880 ac
727 1827 761 1880 de
775 1846 803 1882 se
816 1831 922 1883 satiram
936 1829 1008 1886 ultro
1021 1835 1184 1911 admittenti,
1197 1845 1239 1898 sel

187 1899 301 1973 denique
313 1903 423 1957 cuilibet
432 1902 585 1972 hominum,
596 1923 663 1976 quos
674 1907 759 1978 tangit
769 1927 861 1962 omues
871 1911 997 1966 Horatius
1010 1933 1090 1987 quam
1103 1919 1240 1975 familiari-

187 1983 241 2029 ter!
256 1982 386 2034 Nonnulli
398 1984 621 2054 interpretantur:
634 1985 707 2057 apud
718 1987 833 2040 amicum
848 1989 989 2060 ridentem,
1004 1997 1048 2047 eui
1060 1998 1184 2052 Horatius
1196 2019 1240 2054 sa-

187 2061 249 2114 tiras
261 2066 353 2116 recitet
364 2065 499 2138 risumque
514 2081 634 2134 moveat,
649 2087 705 2120 non
719 2072 758 2122 sui
771 2073 826 2123 vitii
839 2070 1031 2146 descriptione,
1045 2079 1092 2130 sed
1104 2081 1193 2135 alieni.
1204 2087 1240 2138 At

186 2156 250 2193 vero
266 2162 326 2194 cum
342 2146 399 2216 ipsa
411 2148 609 2198 constructione
623 2166 690 2217 segre
705 2149 849 2202 admodum
864 2157 988 2207 contenit
999 2155 1043 2208 hic
1056 2176 1157 2213 sensus.
1171 2165 1239 2217 Ρη»-

187 2230 258 2273 terea
270 2220 329 2294 ples
341 2223 423 2276 habet
435 2226 598 2276 auctoritatis
611 2227 761 2298 exemplum
777 2231 896 2296 Horatii,
913 2233 985 2302 quod
1001 2236 1027 2286 iu
1042 2253 1117 2288 suam
1132 2257 1239 2294 causam

187 2301 266 2352 refert
278 2301 396 2368 Persius,
408 2305 430 2354 si
442 2318 603 2355 memoretur
614 2306 753 2372 Horatius,
766 2321 796 2357 ut
809 2310 855 2377 qui
867 2327 915 2359 sua
927 2311 1009 2362 animi
1020 2314 1081 2364 sitia
1095 2317 1160 2385 ipsis
1173 2321 1239 2370 ami-

188 2378 225 2429 cis
245 2383 440 2446 attrectaverit,
461 2379 547 2456 idque·
562 2375 599 2432 itit
619 2381 725 2449 lecerit,
744 2397 775 2434 ut
788 2402 957 2457 nequaquam
973 2387 1011 2438 illi
1026 2390 1238 2464 offenderentur,

161 2509 162 2512 ,
188 2471 269 2508 semet
281 2476 343 2510 vero
355 2461 427 2530 ipsos
440 2457 588 2529 descriptos
601 2459 750 2514 irriderent.
770 2463 837 2529 Qua
856 2466 940 2515 satiras
959 2467 1110 2522 Horatianis
1130 2477 1239 2546 propris

188 2547 227 2585 est
239 2548 265 2586 et
277 2536 388 2605 insignis
401 2534 540 2588 calliditas.
552 2541 582 2590 ln
592 2555 624 2588 eo
640 2550 680 2590 cst
692 2541 748 2609 ejus
762 2539 816 2592 loci
828 2540 885 2594 laus
901 2546 1001 2612 omnis,
1014 2547 1087 2616 quod
1098 2552 1238 2606 Horatium
1267 2579 1269 2582 ·

187 2616 291 2668 Persius
304 2615 338 2667 ad
349 2617 436 2668 vivum
448 2620 620 2688 expresserit,
632 2619 718 2691 qualis
727 2622 775 2686 sit,
791 2623 875 2695 qualis
885 2625 1008 2679 omnibus
1019 2628 1238 2707 placuerit,qua·
1304 2695 1313 2710 ⁴

186 2691 218 2746 lis
230 2696 309 2750 bonus
315 2710 492 2768 nuncupetur.
501 2700 593 2750 Risum
600 2719 661 2752 tero
672 2719 777 2756 movere
787 2703 844 2757 aliis
853 2704 886 2758 de
893 2707 963 2758 vitiis
972 2706 1094 2780 aliorum,
1103 2713 1172 2768 adeo
1182 2735 1238 2770 nou

186 2786 227 2826 est
237 2775 377 2847 proprium
389 2778 504 2844 Horatii,
517 2792 547 2830 ut
558 2796 637 2832 nemo
650 2781 699 2848 sit,
711 2783 758 2852 qui
768 2780 821 2835 hoc
832 2803 887 2836 non
899 2787 983 2857 possit
995 2787 1093 2842 facere.

220 2879 289 2932 Nor.
312 2898 370 2952 ¹¹7·
385 2883 423 2934 Et
436 2884 559 2937 admiuus
572 2886 671 2938 circum
682 2889 827 2959 pmcosdiu
839 2887 913 2942 ludit.
925 2921 962 2932 -—
973 2894 1118 2969 Hypallage
1129 2917 1180 2971 pro
1196 2900 1238 2955 lu-

186 2959 270 3013 dendo
287 2961 438 3015 admittitur
453 2964 551 3015 citrum
566 2967 727 3038 proeeordia,·
750 2985 788 3020 sc.
808 2969 903 3022 circum
920 2975 1063 3044 precordia
1081 2979 1235 3034 amicorum.

124 3049 128 3064 ·
185 3040 292 3091 Homer.
308 3039 340 3094 iti
356 3039 421 3110 φρεσὶ
434 3039 603 3096 meliis-ier.
615 3073 653 3085 -
664 3046 757 3114 Ludit,
764 3051 872 3120 jocatur
884 3063 910 3102 et
922 3049 1031 3106 lascivit.
1044 3084 1080 3097 -
1090 3057 1237 3132 Admissus,

186 3135 241 3170 non
254 3119 390 3190 repulsus,
402 3119 466 3172 dum
478 3135 600 3194 penetrat
611 3125 703 3177 intima
715 3127 796 3178 animi
807 3129 963 3200 penetralia.

220 3225 288 3277 Nur.
305 3227 364 3279 118.
381 3226 496 3282 Callidus
509 3245 612 3281 excusso
622 3228 751 3300 populum
763 3232 913 3303 suspendere
924 3254 995 3289 naso.
1005 3267 1038 3279 -—
1049 3240 1178 3310 Callidus,
1193 3265 1236 3299 so·

186 3303 445 3377 lers,peritissimus;
455 3309 566 3362 collidus
572 3310 737 3382 suspendere,
749 3331 835 3384 grace
846 3314 961 3385 locutio,
974 3322 1012 3372 uti
1024 3322 1092 3380 deiru
1103 3343 1164 3378 oum
1176 3328 1236 3379 inii-

185 3387 277 3438 nitiso.
289 3415 326 3428 -·
336 3388 495 3459 &rependere
505 3407 569 3443 noso
580 3409 682 3444 excusso
687 3413 698 3454 ,·
709 3393 802 3446 Horat.
815 3396 867 3448 Sat.
881 3399 905 3464 Ι,
918 3397 948 3466 6,
962 3399 978 3452 5
989 3421 996 3451 ι
1011 3421 1073 3456 noso
1084 3409 1236 3476 supendere

186 3465 302 3527 adunam
316 3465 388 3539 quod
398 3469 528 3538 significat
538 3467 657 3521 deridere
669 3469 800 3543 aliquem,
817 3477 894 3545 quia,
912 3477 951 3526 oti
967 3495 1046 3551 supra
1063 3480 1163 3536 dictum
1180 3499 1235 3554 est,

186 3545 364 3599 contrahimus
383 3565 476 3600 nasum
494 3543 614 3599 ridendo.
635 3549 764 3612 Excusso‚·
781 3563 857 3604 vetus
873 3553 1063 3627 interpretatur
1080 3559 1235 3617 scholiastes

185 3621 319 3691 pervalde
327 3636 455 3678 emuncto.
463 3624 578 3693 Quidem
588 3626 797 3697 interpretantur
804 3636 1040 3687 commentantium
1048 3655 1096 3708 per
1105 3657 1235 3710 succusso,

187 3700 249 3770 quia
260 3717 353 3774 caput,
367 3693 449 3776 quum
461 3704 592 3772 ridemus,
602 3707 763 3775 excutimus,
772 3719 798 3760 et
808 3707 977 3780 quumalicui
988 3712 1159 3784 insultamus,
1170 3721 1235 3772 aori·

187 3791 227 3829 ter
238 3797 370 3853 arreptum
383 3788 460 3837 etiam
475 3804 567 3837 nasum
579 3786 742 3838 succutimus.
755 3785 832 3840 Unde
846 3787 889 3840 hio
901 3790 1012 3845 verbum
1023 3796 1122 3848 referas
1134 3797 1188 3849 sive
1200 3797 1235 3856 sd

187 3859 325 3913 Horatium
337 3869 383 3935 qui
394 3864 508 3934 deridet,
520 3867 574 3918 sive
584 3866 618 3917 ad
628 3866 757 3939 populum
770 3871 815 3940 qui
827 3869 971 3924 deridetur.
983 3871 1147 3928 Probabilior
1159 3896 1235 3951 supe·

188 3937 242 3987 rior
254 3936 449 4014 interpretatio,
463 3963 515 4016 qua
528 3944 660 4015 adipsum
673 3947 810 4000 Horatium
823 3967 874 4001 vox
885 3951 1025 4006 referatur.
1068 3971 1072 3977 ·

217 4097 278 4143 Van.
300 4115 350 4160 ¹¹9·
364 4101 428 4146 Men’
437 4107 519 4151 mutire
530 4103 607 4168 nefus,
619 4103 850 4163 analemmatorum
860 4109 954 4158 scrobe?
962 4136 993 4147 -
1005 4113 1132 4174 Nusquam.
1146 4139 1177 4150 -
1188 4103 1233 4164 P'rd
