3052 4854
224 505 230 518 Ι
283 387 287 403 ’
318 411 359 490 ss
493 410 648 475 vsnrn
671 410 945 476 nncrronns
969 413 1031 476 nr
1054 412 1191 478 noun

315 555 425 588 sannam
436 535 487 589 dici
500 555 529 590 os
542 537 682 589 distortum
697 554 757 588 cum
769 536 859 603 vultu,
876 536 950 608 quod
964 539 1106 604 faciamus,
1121 559 1202 612 quum
1218 543 1284 595 alios
1298 543 1374 598 deri-

316 615 438 678 deamus;
452 615 513 668 inde
523 619 661 670 sanniones
673 615 759 667 dictos
769 635 840 682 esse,
850 619 895 690 qui
905 637 959 670 non
970 631 1072 670 rectum
1081 620 1183 672 vultum
1193 619 1319 678 habeant.
1332 657 1373 666 —-

319 697 463 763 occurrite,
475 715 510 748 ne
526 697 571 748 flat
584 694 618 748 de
632 693 708 748 robis
723 709 821 748 cavete.
838 727 875 738 -
888 698 1010 763 Portica,
1027 717 1087 770 que
1104 699 1132 752 lit
1147 713 1244 772 postet
1258 719 1273 753 a
1291 714 1372 774 tergo

315 775 428 828 hominis
441 777 516 827 irrisi.

348 883 414 935 Nor.
435 883 486 948 63,
501 883 544 949 (id.
568 881 631 953 Qnis
645 881 741 954 populi
755 900 838 934 senno
854 885 908 934 ert?
922 881 980 953 quis
992 881 1078 947 enim,
1094 881 1144 934 nisi
1160 885 1277 936 carmina
1290 883 1372 938 molli

313 963 393 1015 Nunc
400 963 503 1014 demum
512 963 756 1040 numeroflnere.-
763 964 822 1012 Jam
830 960 927 1014 desinit
936 961 1117 1032 parenthesis,
1127 962 1247 1035 reditque
1255 964 1369 1036 adprio-

313 1061 368 1093 rcrn
381 1043 614 1114 interrogationem
627 1061 720 1095 sensus
733 1064 739 1092 :
754 1060 841 1094 venem
854 1041 922 1093 mihi
931 1041 1008 1093 dicite
1019 1041 1052 1092 de
1062 1061 1116 1108 me,
1128 1041 1208 1096 dicite
1220 1043 1283 1096 mihi
1296 1044 1368 1112 hoc,

216 1139 219 1147 ¹
312 1121 371 1194 quis
381 1121 476 1195 populi
491 1141 572 1175 sermo
584 1125 636 1176 est?
650 1124 691 1176 Sic
705 1124 869 1193 interrogant
883 1121 1048 1174 adulatorem
1059 1141 1184 1194 proceres
1195 1122 1228 1175 de
1241 1126 1294 1176 suis
1306 1143 1368 1176 car·

312 1201 436 1254 minibus.
447 1232 483 1242 —
495 1203 555 1272 Quis
566 1203 651 1268 enim,
662 1203 697 1258 nis
707 1221 754 1273 pap
765 1221 856 1272 grece.
868 1203 910 1255 Sic
923 1201 1066 1273 respondet
1077 1202 1207 1255 adulator.
1222 1205 1283 1273 Quis
1293 1205 1367 1255 enim

313 1281 375 1347 nisi,
386 1301 441 1333 non
451 1282 518 1334 alius
528 1301 585 1334 esse
595 1284 682 1353 potuit
691 1281 786 1354 populi
799 1299 885 1332 sermo
896 1299 977 1352 quam
989 1293 1060 1333 etc...
1069 1311 1105 1321 -
1118 1283 1196 1332 Nunc
1206 1281 1326 1348 demum,
1337 1284 1365 1333 in

312 1360 353 1412 his
367 1375 470 1413 tantum
485 1361 659 1428 carminibus,
675 1381 756 1432 quum
769 1379 847 1413 nemo
861 1374 921 1412 ante
934 1373 988 1412 tam
1000 1359 1106 1412 mollem
1120 1380 1243 1413 versuum
1255 1363 1364 1414 concin-

313 1441 420 1493 nitatem
435 1454 572 1494 assecutns
584 1444 625 1494 sit.
637 1473 673 1483 -
685 1439 766 1494 Molli
777 1459 900 1508 numero,
913 1439 939 1492 id
949 1453 1004 1507 est,
1012 1440 1133 1493 versibus
1143 1444 1171 1494 in
1181 1442 1278 1512 quibus
1290 1439 1363 1492 molli

309 1522 433 1590 junctura
443 1521 568 1572 ellectum
579 1534 632 1588 est,
643 1521 750 1573 utnulla
760 1539 873 1592 usquam
883 1521 1012 1592 asperitas
1021 1533 1163 1592 appareat;
1175 1521 1218 1571 cui
1226 1521 1264 1572 rei
1275 1521 1361 1592 expri-

314 1599 413 1652 menda
425 1615 517 1673 aptum
533 1602 673 1679 estfluere.

348 1705 415 1758 Nor.
435 1707 484 1774 64,
498 1707 541 1762 65.
565 1709 600 1760 tn
612 1705 735 1782 perleve
750 1725 847 1760 seueros
860 1705 1127 1779 Effundatjnnctura
1138 1725 1247 1778 unques.
1258 1735 1293 1746 -
1306 1705 1362 1758 Mc·

312 1783 425 1856 taphora
438 1786 472 1838 ah
484 1787 610 1859 operibus
627 1789 780 1840 marmoreis
795 1787 933 1857 ligneisve‚
948 1789 975 1839 in
990 1784 1085 1858 quihus
1094 1800 1183 1858 partes
1196 1789 1229 1838 ita
1244 1787 1363 1838 commit-

312 1875 404 1916 tuntur
413 1880 438 1918 et
451 1867 600 1934 cohaerent,
613 1882 641 1919 ut
654 1867 726 1919 nulla
738 1869 822 1940 possit
833 1865 966 1937 unguibus
978 1865 1142 1938 deprehendi
1154 1868 1218 1917 rima
1232 1863 1273 1918 vel
1285 1883 1362 1936 espe-

312 1944 383 1996 ritas.
397 1976 433 1986 -
442 1949 533 2000 Horat.
546 1947 600 2000 Sat.
612 1948 651 2014 ll,
665 1964 690 2018 7,
700 1947 749 2000 86:

643 2037 744 2079 ...Totus
752 2043 807 2077 teres
814 2045 880 2090 atque
888 2034 1007 2081 rotundus,

513 2105 597 2147 Ertemi
606 2104 693 2159 nequid
700 2103 819 2160 valeatper
827 2105 880 2147 laeoe
890 2103 978 2146 morari.

345 2193 412 2246 Nor.
431 2195 475 2249 65.
491 2198 546 2250 Scit
557 2199 659 2250 tendere
674 2217 781 2250 uersum.
794 2229 831 2240 -
841 2201 865 2250 A
877 2198 1075 2251 constructione
1089 2195 1197 2266 obliqua
1210 2200 1304 2248 transit
1316 2215 1362 2250 su·

308 2269 365 2324 bito
376 2275 409 2326 ad
421 2291 534 2340 rectam,
544 2292 574 2331 ut
583 2281 640 2350 ipsa
651 2279 746 2350 populi
755 2278 836 2331 verba
847 2279 903 2330 sine
913 2277 966 2330 ulla
976 2276 1122 2328 mutatione
1133 2274 1237 2326 referat.
1245 2305 1282 2315 -
1290 2278 1361 2328 Ten·

307 2351 366 2404 dere
376 2373 474 2408 uersum
480 2395 490 2424 ,
502 2356 600 2410 dicitur
609 2377 694 2429 grace
706 2355 794 2410 ἰθύνων.

343 2469 411 2521 Νοτ.
430 2471 473 2524 66.
489 2472 551 2525 Non
570 2491 652 2540 secto,
667 2492 699 2526 ae
716 2474 738 2526 si
754 2471 831 2526 oculo
849 2473 980 2523 rubricam
997 2469 1094 2542 dirigat
1110 2485 1173 2519 nno.
1187 2497 1224 2508 -
1239 2468 1263 2517 A
1277 2467 1359 2520 fabris

306 2543 421 2614 lignariis
436 2551 605 2616 translatum,
614 2555 661 2623 qui
670 2553 704 2605 ad
715 2555 839 2604 amussim
850 2549 932 2603 rubro
942 2550 983 2602 rel
994 2548 1047 2600 alio
1060 2547 1181 2621 quolibet
1191 2547 1281 2600 colore
1291 2550 1360 2598 tinc-

308 2635 362 2674 tum
376 2644 445 2696 opus
455 2631 569 2699 exigunt.
580 2633 659 2682 Hom.
672 2631 767 2704 Odyss.
781 2629 799 2682 i.
812 2630 871 2696 245.

525 2715 597 2763 Sim
609 2715 632 2762 θ
641 2713 784 2778 ints-aptitus
795 2714 836 2762 nei
851 2712 889 2762 ini
899 2709 1005 2774 στάθμην
1017 2713 1085 2761 ῗθννι.

306 2819 343 2828 -
352 2791 463 2843 liudrico
476 2803 545 2846 terra
557 2795 637 2848 rubra
647 2810 700 2862 est,
710 2808 817 2868 reperta
826 2796 941 2866 primum
954 2791 989 2844 ad
1001 2792 1093 2844 urbem
1105 2794 1231 2866 Sinopam
1241 2793 1275 2844 ad
1285 2793 1358 2847 littus

307 2870 401 2920 Euxini
416 2873 442 2923 in
460 2873 654 2947 Paphlagonia,
666 2876 738 2928 unde
754 2874 901 2928 vocabatur
918 2875 996 2924 etiam
1013 2874 1121 2946 sinopis.
1137 2873 1202 2925 Plin.
1217 2877 1250 2925 Η.
1264 2875 1296 2925 Ν.
1310 2873 1356 2925 lib.

306 2949 416 3015 XXXV,
430 2969 452 3002 0-
468 2953 493 3004 6.
513 2983 549 2994 -
571 2959 652 3010 allec
664 2956 735 3008 utilis
748 2955 782 3007 ad
794 2953 925 3007 notandas
938 2951 1020 3004 lineas
1034 2953 1198 3019 architectis,
1212 2967 1302 3005 etum,
1321 2985 1357 2997 ..-

309 3029 392 3081 Oculo
402 3049 469 3099 uno,
477 3033 576 3088 scilicet
587 3035 677 3089 clauso
688 3036 787 3101 altero,
797 3053 852 3106 quo
862 3033 960 3086 rectius
974 3036 1043 3086 acics
1055 3033 1131 3103 dirigi
1142 3035 1235 3104 possit.
1245 3033 1353 3085 Lucinn.

305 3111 498 3184 lcaromeuipp.
511 3126 574 3165 tom.
588 3117 624 3182 ΙΙ,
639 3136 665 3187 p.
680 3117 740 3186 769.
758 3114 806 3168 Ed.
820 3115 890 3166 Reiz.
906 3113 992 3164 cam}
1006 3111 1045 3164 nal
1059 3111 1112 3170 nois
1125 3111 1233 3170 nurnine
1244 3109 1355 3170 nombre

305 3188 428 3258 inpertire·
434 3211 475 3255 μοι
485 3193 544 3245 esse
554 3193 649 3262 &scipso
658 3194 704 3249 τῶ
714 3194 842 3262 dodamin
854 3193 942 3259 ι’,αιινον
953 3191 1008 3262 apis
1016 3191 1070 3250 nois
1079 3191 1173 3249 naritus
1185 3190 1355 3248 ἀπευθύνοντας

305 3269 338 3321 ‘fd
347 3268 418 3337 ξύλα.
428 3295 439 3318 ιι

341 3387 408 3438 Nor.
427 3387 470 3458 67.
483 3389 542 3441 Sive
552 3407 616 3460 opus
630 3391 657 3441 in
671 3409 765 3457 mores,
780 3394 807 3442 in
820 3391 925 3454 lurum,
941 3392 969 3442 in
984 3390 1097 3462 prandia
1110 3408 1198 3462 repom
1211 3389 1308 3440 Dicere.
1319 3419 1354 3429 -

308 3466 379 3537 Opus
391 3466 474 3519 dicere
483 3487 534 3540 pro
545 3468 687 3521 dicendum
697 3472 721 3522 ei
734 3485 786 3534 est,
797 3471 965 3523 scribendum
977 3485 1024 3523 est.
1035 3501 1071 3510 -
1079 3473 1118 3522 De
1126 3470 1287 3540 reliquorum
1298 3486 1354 3519 rer-

305 3564 349 3596 sus
361 3545 501 3600 verborum
515 3567 607 3616 sensu,
620 3567 714 3618 magna
726 3551 863 3603 contentio
874 3563 913 3602 cst
922 3552 991 3602 inter
1004 3552 1167 3620 interpretes.
1185 3547 1300 3599 Censent
1310 3546 1353 3598 alii

303 3625 360 3677 haro
371 3628 459 3678 omnia
468 3629 496 3678 in
508 3645 605 3694 mores,
621 3630 648 3679 in
662 3628 771 3695 luxum,
788 3631 815 3680 in
825 3629 938 3702 prandio
952 3646 1039 3702 regum
1052 3627 1187 3696 designare
1200 3639 1351 3697 argumenta

303 3708 528 3777 ineptissimarum
537 3719 677 3779 poetarum
687 3711 745 3779 ejus
754 3713 852 3776 aetatis,
863 3709 960 3780 quihus
970 3727 1027 3759 mos
1038 3719 1093 3758 erat
1103 3705 1251 3758 describere
1264 3710 1351 3758 omnia

303 3785 410 3838 luxuriae
423 3788 610 3852 instrumenta,
625 3789 683 3838 vitm
697 3787 855 3856 elegantias,
870 3788 1017 3859 epulasque
1029 3803 1171 3856 procorum
1184 3783 1350 3838 lautissimas.

303 3865 355 3918 Alii
366 3885 443 3926 vero,
457 3867 552 3938 quibus
566 3885 615 3937 ego
631 3865 756 3918 libentius
768 3873 925 3932 assentiam,
938 3879 1032 3937 putant
1047 3883 1094 3934 per
1108 3883 1190 3918 mores
1200 3865 1241 3917 val
1253 3885 1352 3918 comoe-

304 3943 373 3994 diam
385 3944 427 3996 vel
437 3945 567 4014 ejusmodi
581 3964 660 4017 opera
673 3946 817 4015 designari,
829 3967 877 4021 per
889 3946 981 3998 lumem
992 3943 1031 3996 vol
1045 3947 1151 3994 satiram
1166 3945 1205 3996 vel
1218 3947 1350 3996 satiricum

305 4023 382 4092 qnid,
392 4043 439 4094 per
444 4025 556 4098 prandio
564 4045 652 4101 repom
662 4027 800 4095 tragoedias
809 4030 835 4079 in
844 4027 940 4097 quihus
949 4023 1093 4086 interdurn,
1101 4038 1130 4075 ut
1138 4027 1164 4075 in
1172 4027 1252 4076 Atreo
1259 4061 1267 4086 ‚
1275 4023 1314 4073 rel
1323 4025 1349 4074 in

305 4102 417 4158 l‘rncne,
428 4118 571 4156 nesciantur
581 4123 654 4172 reges
664 4104 802 4156 hominum
814 4103 947 4158 carnibus.
961 4104 1134 4154 posteriorem
1145 4103 1214 4156 hanc
1225 4107 1350 4172 interpre-
