3056 4856
385 397 565 462 SATIRAE
588 394 783 466 TERTIAE
807 397 1041 468 ANALYSIS.
1172 400 1233 466 103

190 521 355 603 exprobrat
372 520 533 601 magister,
552 530 720 600 monetque
737 517 861 579 sibimet
877 539 950 578 eum
964 521 1056 579 verba
1070 521 1160 596 dare,
1179 521 1237 581 sibi

191 618 249 700 ipsi
268 635 379 676 nocere
397 613 478 674 nihil
496 613 634 698 agendo,
655 615 769 677 instare
789 627 912 696 tempus
930 616 1134 697 comparandi
1155 617 1238 678 bona

191 725 320 771 maturae
332 711 414 778 aetati
425 711 559 774 maxime
569 708 750 792 profutura,
763 710 814 787 15,
827 709 878 787 ai.
889 745 928 762 -v
941 711 980 774 At
990 712 1075 772 enim
1085 712 1160 792 quid
1172 725 1239 773 tan-

192 823 259 870 tum
268 808 408 892 proderit
416 809 506 868 diviti
516 830 550 869 ac
560 806 659 868 nobili
668 809 970 870 studuissetMiseras
980 807 1167 891 objectiones
1176 832 1240 872 non

192 921 257 968 tam
277 907 435 983 confutat,
454 929 550 990 quam
572 907 652 968 ridet
671 921 702 970 et
721 908 904 990 indignatur
921 909 1056 984 Stoicus,
1075 920 1242 990 testemque

192 1005 416 1066 conscientiam
429 1003 606 1088 appellans,
620 1004 710 1065 docet
721 1023 830 1066 eorum
844 1026 907 1066 esse
917 1007 1123 1066 miserrimam
1135 1005 1243 1065 condi-

193 1106 328 1182 tionem,
340 1106 394 1188 qui
407 1108 505 1166 sciant
516 1105 593 1186 quid
605 1106 754 1188 perdant,
767 1105 822 1183 24,
835 1105 883 1182 34.
896 1143 935 1152 -
948 1107 1007 1167 Hic
1019 1127 1073 1189 per
1082 1106 1245 1188 digressio·

194 1222 267 1261 nem
285 1200 494 1290 amplificatur
511 1200 590 1266 illud
608 1202 803 1272 conscientia
817 1201 987 1284 judicium,
1006 1223 1070 1284 quo
1088 1204 1213 1284 gravius
1226 1226 1245 1264 a

195 1300 260 1360 Deo
271 1320 337 1360 non
346 1301 444 1383 possit
451 1298 501 1368 vel
510 1301 545 1366 in
554 1301 734 1366 sevissimos
743 1313 896 1391 tyrannos
903 1303 1034 1388 hrogari
1043 1299 1245 1386 supplicium,

196 1399 251 1474 35,
265 1395 316 1472 id.
331 1433 371 1445 ·-
386 1401 534 1464 Reversus
551 1399 591 1459 ad
609 1401 805 1486 propositam
821 1399 1067 1490 disputationem
1084 1401 1245 1491 magister,

195 1495 336 1558 concedit
343 1497 515 1558 excusanda
524 1518 586 1558 esse
592 1499 628 1560 in
637 1500 741 1586 pueris
750 1497 894 1582 puerilia,
904 1512 934 1558 et
943 1511 1050 1561 narrat
1059 1499 1174 1580 quibus
1183 1499 1247 1586 ipse

195 1614 272 1676 puer
283 1593 364 1654 ludis
376 1595 563 1672 inservierit,
575 1595 629 1672 iiii,
643 1597 691 1657 51.
705 1631 744 1643 -
759 1596 816 1657 Sed
830 1618 885 1657 sua
899 1611 972 1664 sunt
982 1598 1153 1678 unicuique
1165 1597 1248 1660 aetati

196 1692 311 1768 studia,
323 1713 424 1775 neque
434 1713 487 1754 eos
497 1692 563 1775 jam
574 1693 713 1755 dormire
724 1694 811 1755 decet
823 1715 858 1754 ac
869 1695 982 1756 inertia
993 1708 1180 1778 torpescere,
1193 1695 1247 1776 qui

195 1810 230 1850 ea
240 1803 329 1852 etan
338 1803 427 1867 sunt,
435 1803 472 1852 nt
480 1792 566 1850 bona
575 1806 736 1859 secernant
745 1813 763 1850 a
772 1790 876 1867 malis,
889 1803 918 1851 et
927 1791 1041 1873 quibus
1053 1791 1160 1852 omnia
1172 1811 1249 1872 prae-

196 1899 243 1948 sto
252 1897 326 1956 sunt
333 1885 543 1970 philosophie
553 1887 678 1950 auxilia.
688 1887 883 1948 Instimends
891 1888 963 1948 vitae
973 1888 1053 1948 ratio
1065 1897 1123 1961 est,
1135 1899 1166 1946 et
1176 1905 1249 1968 pro-

196 1985 389 2068 spiciendum
407 1985 533 2064 futuro,
559 1986 614 2063 52,
635 1987 686 2052 62.
711 2021 750 2040 η-
775 1985 854 2050 Sunt
875 1986 974 2052 animi
997 1987 1087 2048 sicuti
1109 1986 1249 2068 corporis

197 2083 347 2159 remedia,
371 2085 404 2144 in
424 2085 539 2167 quibus
559 2083 779 2169 comparandis
801 2097 923 2151 mature
945 2083 1172 2148 elaborandum
1195 2097 1248 2147 est.

197 2181 350 2264 Quaenam
361 2202 434 2244 vero
447 2181 505 2242 ista
516 2180 650 2248 remedia
661 2179 754 2246 sunt?
766 2182 826 2242 Hic
838 2192 1060 2248 enumerantur
1071 2181 1249 2266 gravissima

197 2277 401 2363 philosophiae
415 2281 517 2364 capita
531 2280 570 2340 de
583 2281 761 2360 cognitione
774 2279 838 2356 sui,
853 2279 892 2338 de
906 2278 1052 2358 consilio,
1065 2277 1104 2340 de
1118 2277 1197 2356 iato,
1212 2278 1250 2340 de

199 2391 315 2454 morte,
336 2371 507 2459 caeteraque
521 2376 553 2437 id
567 2395 663 2457 genus
678 2376 815 2436 Porticus
829 2388 998 2459 praecepta,
1016 2376 1130 2457 quibus
1152 2377 1249 2436 animi

199 2474 422 2556 cupiditatibus
440 2473 614 2547 medeatur,
632 2472 688 2547 63,
703 2472 752 2562 76.
771 2505 812 2518 -
830 2473 872 2544 At
887 2473 971 2540 enim
989 2469 1117 2552 objiciat
1133 2474 1250 2554 pingue

199 2568 327 2650 vulgus,
348 2565 428 2627 nihil
447 2567 602 2627 advitam
619 2587 816 2626 communem
834 2566 974 2628 conferre
991 2566 1250 2652 philosophorum

200 2667 290 2726 istam
304 2664 523 2748 prudentiam,
537 2684 607 2754 quoe
618 2664 700 2724 circa
713 2685 812 2747 nugas
826 2685 970 2748 operosas
983 2679 1134 2743 versetur,
1149 2687 1251 2751 neque

200 2763 373 2846 quidquam
390 2760 504 2825 habeat
522 2775 634 2846 praeter
651 2764 859 2824 austeritatem
876 2763 1057 2842 ridendam,
1072 2785 1126 2849 77,
1139 2765 1189 2849 87.
1210 2801 1250 2814 -

200 2860 285 2940 Quid
293 2859 438 2944 proficiat
445 2858 903 2944 philosophia,philosophiam
912 2861 1112 2924 irridentibus
1120 2877 1251 2926 conatur

201 2959 318 3021 Stoicus
338 2959 550 3023 demonstrare
568 2981 625 3042 per
642 2960 818 3044 exemplum
836 2960 875 3022 ab
893 2975 1008 3042 aegroto
1026 2961 1177 3044 petitum,
1195 2964 1250 3043 qui

201 3057 314 3118 medici
327 3056 458 3119 consilia
470 3056 550 3118 ridet
563 3069 593 3118 et
607 3057 853 3148 intemperantia
867 3078 974 3140 poenas
988 3071 1088 3119 morte
1100 3057 1175 3136 luit,
1195 3061 1251 3136 88,

207 3156 271 3216 106.
289 3189 330 3202 --
350 3155 427 3233 Quae
441 3154 566 3232 fabula,
586 3155 681 3236 paulo
695 3155 794 3216 fusius
808 3156 960 3238 exposita,
974 3155 1183 3216 adversarium
1198 3155 1252 3217 ad-

203 3273 330 3313 monere
341 3253 488 3314 debuerat
499 3273 686 3314 sirrrnrran
697 3273 765 3314 esar
777 3273 870 3314 anim
885 3275 1059 3316 naunorun.
1071 3252 1156 3315 Nihil
1166 3254 1251 3316 aliud

204 3363 308 3411 sutem
319 3351 375 3412 iste
385 3351 545 3433 intelligit,
560 3353 620 3412 nisi
629 3351 772 3413 fabulam
781 3351 819 3413 de
829 3374 860 3414 se
871 3356 991 3414 narrari
1003 3375 1070 3414 non
1081 3373 1185 3436 posse,
1198 3355 1252 3436 qui

205 3449 323 3531 optima
333 3447 510 3510 valetudine
521 3449 654 3511 fruatur.
669 3451 707 3510 At
720 3458 811 3527 iero,
825 3451 929 3533 inquit
944 3451 1075 3527 Stoicus,
1090 3453 1253 3512 animusne

204 3545 263 3604 tibi
276 3565 363 3628 teque
376 3566 411 3606 ee
425 3567 537 3630 eorpus
550 3546 652 3607 valet?
663 3568 731 3607 non
744 3545 865 3608 laborat
879 3549 1023 3626 avaritia,
1040 3568 1161 3624 amore,
1180 3547 1252 3630 gula

206 3653 236 3702 et
248 3641 397 3704 mollitie?
412 3645 559 3720 Minime,
574 3643 626 3705 sed
640 3645 756 3706 insanis
769 3646 912 3707 turbatur
926 3645 1154 3729 cupiditatibus.
1168 3645 1252 3724 Ergo

206 3738 263 3798 tibi
277 3739 463 3801 medicinam
477 3741 588 3818 faciam
602 3764 676 3824 ergo
690 3743 826 3821 studeas,
843 3767 913 3828 107,
930 3747 993 3804 118.
