<?xml version="1.0" encoding="UTF-8"?>
<!DOCTYPE html PUBLIC "-//W3C//DTD XHTML 1.0 Transitional//EN"
    "http://www.w3.org/TR/xhtml1/DTD/xhtml1-transitional.dtd">
<html xmlns="http://www.w3.org/1999/xhtml" xml:lang="en" lang="en">
 <head>
  <title>
</title>
<meta http-equiv="Content-Type" content="text/html;charset=utf-8" />
  <meta name='ocr-system' content='tesseract 3.04.00' />
  <meta name='ocr-capabilities' content='ocr_page ocr_carea ocr_par ocr_line ocrx_word'/>
</head>
<body>
  <div class='ocr_page' id='page_1' title='image "apersiusflaccus00perrgoog_0064.png"; bbox 0 0 3052 4854; ppageno 0'>
   <div class='ocr_carea' id='block_1_1' title="bbox 291 347 1160 424">
    <p class='ocr_par' dir='ltr' id='par_1_1' title="bbox 291 347 1160 424">
     <span class='ocr_line' id='line_1_1' title="bbox 291 347 1160 424; baseline -0.002 -2"><span class='ocrx_word' id='word_1_1' title='bbox 291 356 333 424; x_wconf 85' lang='lat'><strong>50</strong></span> <span class='ocrx_word' id='word_1_2' title='bbox 463 354 619 422; x_wconf 84' lang='lat' dir='ltr'>VARIAE</span> <span class='ocrx_word' id='word_1_3' title='bbox 641 351 914 420; x_wconf 80' lang='lat' dir='ltr'><strong>LECTIONES</strong></span> <span class='ocrx_word' id='word_1_4' title='bbox 937 351 999 420; x_wconf 86' lang='lat' dir='ltr'><strong>ET</strong></span> <span class='ocrx_word' id='word_1_5' title='bbox 1022 347 1160 421; x_wconf 79' lang='lat' dir='ltr'><strong>NOTAE</strong></span> 
     </span>
    </p>
   </div>
   <div class='ocr_carea' id='block_1_2' title="bbox 288 478 1339 712">
    <p class='ocr_par' dir='ltr' id='par_1_2' title="bbox 288 478 1339 712">
     <span class='ocr_line' id='line_1_2' title="bbox 288 478 1339 552; baseline -0.006 -16"><span class='ocrx_word' id='word_1_6' title='bbox 288 480 519 546; x_wconf 65' lang='lat' dir='ltr'><strong>feriori-Med,</strong></span> <span class='ocrx_word' id='word_1_7' title='bbox 530 480 605 534; x_wconf 90' lang='lat' dir='ltr'><strong>elisio</strong></span> <span class='ocrx_word' id='word_1_8' title='bbox 617 500 668 552; x_wconf 90' lang='lat' dir='ltr'><strong>pro</strong></span> <span class='ocrx_word' id='word_1_9' title='bbox 679 499 763 532; x_wconf 84' lang='lat' dir='ltr'><strong>merae.</strong></span> <span class='ocrx_word' id='word_1_10' title='bbox 771 479 933 552; x_wconf 83' lang='lat' dir='ltr'><strong>-Qaippe,</strong></span> <span class='ocrx_word' id='word_1_11' title='bbox 947 478 1097 551; x_wconf 76' lang='lat' dir='ltr'>emphatice</span> <span class='ocrx_word' id='word_1_12' title='bbox 1108 498 1157 552; x_wconf 88' lang='lat' dir='ltr'><strong>per</strong></span> <span class='ocrx_word' id='word_1_13' title='bbox 1167 478 1290 532; x_wconf 76' lang='lat' dir='ltr'><strong>ironiam.</strong></span> <span class='ocrx_word' id='word_1_14' title='bbox 1300 509 1339 522; x_wconf 87' lang='lat'><em>-</em></span> 
     </span>
     <span class='ocr_line' id='line_1_3' title="bbox 288 558 1336 633; baseline -0.001 -19"><span class='ocrx_word' id='word_1_15' title='bbox 288 564 375 616; x_wconf 87' lang='lat' dir='ltr'><strong>Assem</strong></span> <span class='ocrx_word' id='word_1_16' title='bbox 385 560 553 633; x_wconf 66' lang='lat' dir='ltr'><strong>protulerim</strong></span> <span class='ocrx_word' id='word_1_17' title='bbox 570 579 655 613; x_wconf 80' lang='lat' dir='ltr'><strong>assem</strong></span> <span class='ocrx_word' id='word_1_18' title='bbox 668 559 878 632; x_wconf 88' lang='lat' dir='ltr'><strong>deprompserim</strong></span> <span class='ocrx_word' id='word_1_19' title='bbox 891 578 906 610; x_wconf 88' lang='lat' dir='ltr'><strong>e</strong></span> <span class='ocrx_word' id='word_1_20' title='bbox 918 558 1023 611; x_wconf 90' lang='lat' dir='ltr'><strong>loculis.</strong></span> <span class='ocrx_word' id='word_1_21' title='bbox 1037 558 1074 612; x_wconf 83' lang='lat' dir='ltr'><strong>As</strong></span> <span class='ocrx_word' id='word_1_22' title='bbox 1084 573 1124 613; x_wconf 87' lang='lat' dir='ltr'><strong>est</strong></span> <span class='ocrx_word' id='word_1_23' title='bbox 1135 561 1243 632; x_wconf 79' lang='lat' dir='ltr'>proprie</span> <span class='ocrx_word' id='word_1_24' title='bbox 1254 577 1336 613; x_wconf 86' lang='lat' dir='ltr'><strong>nnm-</strong></span> 
     </span>
     <span class='ocr_line' id='line_1_4' title="bbox 288 638 1056 712; baseline -0.007 -17"><span class='ocrx_word' id='word_1_25' title='bbox 288 661 346 695; x_wconf 87' lang='lat' dir='ltr'><strong>mus</strong></span> <span class='ocrx_word' id='word_1_26' title='bbox 358 641 472 703; x_wconf 87' lang='lat' dir='ltr'><strong>libralis;</strong></span> <span class='ocrx_word' id='word_1_27' title='bbox 484 640 537 694; x_wconf 92' lang='lat' dir='ltr'><strong>hoc</strong></span> <span class='ocrx_word' id='word_1_28' title='bbox 549 641 609 693; x_wconf 91' lang='lat' dir='ltr'><strong>loco</strong></span> <span class='ocrx_word' id='word_1_29' title='bbox 621 641 732 712; x_wconf 88' lang='lat' dir='ltr'><strong>ponitur</strong></span> <span class='ocrx_word' id='word_1_30' title='bbox 743 659 793 712; x_wconf 87' lang='lat' dir='ltr'><strong>pro</strong></span> <span class='ocrx_word' id='word_1_31' title='bbox 806 638 926 712; x_wconf 88' lang='lat' dir='ltr'><strong>quolibet</strong></span> <span class='ocrx_word' id='word_1_32' title='bbox 938 657 1056 692; x_wconf 88' lang='lat' dir='ltr'><strong>nummo.</strong></span> 
     </span>
    </p>
   </div>
   <div class='ocr_carea' id='block_1_3' title="bbox 249 743 1338 1616">
    <p class='ocr_par' dir='ltr' id='par_1_3' title="bbox 249 743 1338 1616">
     <span class='ocr_line' id='line_1_5' title="bbox 322 743 1338 818; baseline -0.001 -19"><span class='ocrx_word' id='word_1_33' title='bbox 322 748 391 800; x_wconf 88' lang='lat' dir='ltr'><strong>Nor.</strong></span> <span class='ocrx_word' id='word_1_34' title='bbox 411 747 454 816; x_wconf 85' lang='lat'><strong>89.</strong></span> <span class='ocrx_word' id='word_1_35' title='bbox 466 747 574 812; x_wconf 78' lang='lat' dir='ltr'><strong>Cantas,</strong></span> <span class='ocrx_word' id='word_1_36' title='bbox 583 764 663 818; x_wconf 74' lang='lat' dir='ltr'><strong>qaaerit</strong></span> <span class='ocrx_word' id='word_1_37' title='bbox 665 745 756 812; x_wconf 82' lang='lat' dir='ltr'><strong>fracto</strong></span> <span class='ocrx_word' id='word_1_38' title='bbox 769 755 793 796; x_wconf 84' lang='lat' dir='ltr'><strong>te</strong></span> <span class='ocrx_word' id='word_1_39' title='bbox 804 745 831 795; x_wconf 84' lang='lat' dir='ltr'><strong>in</strong></span> <span class='ocrx_word' id='word_1_40' title='bbox 844 745 914 796; x_wconf 80' lang='lat' dir='ltr'><strong>trabe</strong></span> <span class='ocrx_word' id='word_1_41' title='bbox 920 745 1021 818; x_wconf 83' lang='lat' dir='ltr'><strong>pictum</strong></span> <span class='ocrx_word' id='word_1_42' title='bbox 1030 745 1072 796; x_wconf 79' lang='lat' dir='ltr'><strong>Ex</strong></span> <span class='ocrx_word' id='word_1_43' title='bbox 1081 743 1189 798; x_wconf 81' lang='lat' dir='ltr'><strong>humero</strong></span> <span class='ocrx_word' id='word_1_44' title='bbox 1196 757 1289 817; x_wconf 79' lang='lat' dir='ltr'><strong>portes.</strong></span> <span class='ocrx_word' id='word_1_45' title='bbox 1300 773 1338 785; x_wconf 88' lang='lat'><em>-</em></span> 
     </span>
     <span class='ocr_line' id='line_1_6' title="bbox 287 823 1337 898; baseline -0.004 -18"><span class='ocrx_word' id='word_1_46' title='bbox 287 828 376 880; x_wconf 80' lang='lat' dir='ltr'><strong>Altera</strong></span> <span class='ocrx_word' id='word_1_47' title='bbox 389 845 452 898; x_wconf 87' lang='lat' dir='ltr'><strong>pers</strong></span> <span class='ocrx_word' id='word_1_48' title='bbox 466 839 505 878; x_wconf 88' lang='lat' dir='ltr'><strong>eat</strong></span> <span class='ocrx_word' id='word_1_49' title='bbox 518 827 740 896; x_wconf 87' lang='lat' dir='ltr'><strong>comparationis,</strong></span> <span class='ocrx_word' id='word_1_50' title='bbox 753 843 811 897; x_wconf 75' lang='lat' dir='ltr'><strong>quse</strong></span> <span class='ocrx_word' id='word_1_51' title='bbox 822 823 1070 896; x_wconf 64' lang='lat' dir='ltr'><strong>precedentium</strong></span> <span class='ocrx_word' id='word_1_52' title='bbox 1084 825 1186 895; x_wconf 80' lang='lat' dir='ltr'><strong>incipit.</strong></span> <span class='ocrx_word' id='word_1_53' title='bbox 1199 853 1235 864; x_wconf 88' lang='lat'>-</span> <span class='ocrx_word' id='word_1_54' title='bbox 1248 825 1337 895; x_wconf 78' lang='lat' dir='ltr'><strong>Quum</strong></span> 
     </span>
     <span class='ocr_line' id='line_1_7' title="bbox 249 903 1338 980; baseline -0.006 -19"><span class='ocrx_word' id='word_1_55' title='bbox 249 909 251 912; x_wconf 73' lang='grc'><strong>’</strong></span> <span class='ocrx_word' id='word_1_56' title='bbox 282 908 372 980; x_wconf 80' lang='lat' dir='ltr'><strong>fracta</strong></span> <span class='ocrx_word' id='word_1_57' title='bbox 381 918 406 959; x_wconf 87' lang='lat' dir='ltr'><strong>te</strong></span> <span class='ocrx_word' id='word_1_58' title='bbox 416 909 443 958; x_wconf 85' lang='lat' dir='ltr'><strong>in</strong></span> <span class='ocrx_word' id='word_1_59' title='bbox 456 907 525 958; x_wconf 83' lang='lat' dir='ltr'><strong>trabe</strong></span> <span class='ocrx_word' id='word_1_60' title='bbox 534 907 635 978; x_wconf 79' lang='lat' dir='ltr'><strong>pictura</strong></span> <span class='ocrx_word' id='word_1_61' title='bbox 648 917 698 956; x_wconf 91' lang='lat' dir='ltr'><strong>etc.</strong></span> <span class='ocrx_word' id='word_1_62' title='bbox 711 905 770 957; x_wconf 88' lang='lat' dir='ltr'><strong>Mos</strong></span> <span class='ocrx_word' id='word_1_63' title='bbox 781 917 837 956; x_wconf 87' lang='lat' dir='ltr'><strong>erat</strong></span> <span class='ocrx_word' id='word_1_64' title='bbox 847 904 919 976; x_wconf 91' lang='lat' dir='ltr'><strong>apud</strong></span> <span class='ocrx_word' id='word_1_65' title='bbox 931 906 1068 976; x_wconf 81' lang='lat' dir='ltr'><strong>antiquos,</strong></span> <span class='ocrx_word' id='word_1_66' title='bbox 1078 917 1108 956; x_wconf 85' lang='lat' dir='ltr'><strong>ut</strong></span> <span class='ocrx_word' id='word_1_67' title='bbox 1118 903 1238 956; x_wconf 91' lang='lat' dir='ltr'><strong>homines</strong></span> <span class='ocrx_word' id='word_1_68' title='bbox 1248 923 1263 956; x_wconf 88' lang='lat' dir='ltr'><strong>e</strong></span> <span class='ocrx_word' id='word_1_69' title='bbox 1273 923 1338 956; x_wconf 85' lang='lat' dir='ltr'><strong>nau·</strong></span> 
     </span>
     <span class='ocr_line' id='line_1_8' title="bbox 285 983 1337 1060; baseline -0.004 -20"><span class='ocrx_word' id='word_1_70' title='bbox 285 989 371 1060; x_wconf 66' lang='lat' dir='ltr'><strong>fregio</strong></span> <span class='ocrx_word' id='word_1_71' title='bbox 384 999 430 1039; x_wconf 85' lang='lat' dir='ltr'><strong>aut</strong></span> <span class='ocrx_word' id='word_1_72' title='bbox 443 1005 474 1038; x_wconf 84' lang='lat' dir='ltr'><strong>ex</strong></span> <span class='ocrx_word' id='word_1_73' title='bbox 486 985 539 1037; x_wconf 87' lang='lat' dir='ltr'><strong>alio</strong></span> <span class='ocrx_word' id='word_1_74' title='bbox 553 984 673 1056; x_wconf 87' lang='lat' dir='ltr'><strong>quolibet</strong></span> <span class='ocrx_word' id='word_1_75' title='bbox 684 983 806 1055; x_wconf 90' lang='lat' dir='ltr'><strong>periculo</strong></span> <span class='ocrx_word' id='word_1_76' title='bbox 819 983 916 1055; x_wconf 86' lang='lat' dir='ltr'><strong>elapsi,</strong></span> <span class='ocrx_word' id='word_1_77' title='bbox 927 983 1061 1056; x_wconf 78' lang='lat' dir='ltr'><strong>depictam</strong></span> <span class='ocrx_word' id='word_1_78' title='bbox 1073 985 1111 1034; x_wconf 92' lang='lat' dir='ltr'><strong>rei</strong></span> <span class='ocrx_word' id='word_1_79' title='bbox 1121 985 1263 1054; x_wconf 68' lang='lat' dir='ltr'><strong>imaginem</strong></span> <span class='ocrx_word' id='word_1_80' title='bbox 1274 1002 1337 1056; x_wconf 90' lang='lat' dir='ltr'><strong>por·</strong></span> 
     </span>
     <span class='ocr_line' id='line_1_9' title="bbox 285 1063 1337 1138; baseline -0.003 -19"><span class='ocrx_word' id='word_1_81' title='bbox 285 1081 387 1135; x_wconf 87' lang='lat' dir='ltr'><strong>tarent,</strong></span> <span class='ocrx_word' id='word_1_82' title='bbox 403 1084 456 1138; x_wconf 88' lang='lat' dir='ltr'><strong>quo</strong></span> <span class='ocrx_word' id='word_1_83' title='bbox 471 1066 567 1117; x_wconf 87' lang='lat' dir='ltr'><strong>certius</strong></span> <span class='ocrx_word' id='word_1_84' title='bbox 579 1067 776 1116; x_wconf 72' lang='lat' dir='ltr'><strong>miserationem</strong></span> <span class='ocrx_word' id='word_1_85' title='bbox 789 1077 924 1115; x_wconf 79' lang='lat' dir='ltr'><strong>moverent</strong></span> <span class='ocrx_word' id='word_1_86' title='bbox 937 1063 1143 1136; x_wconf 80' lang='lat' dir='ltr'><strong>transeuntibus.</strong></span> <span class='ocrx_word' id='word_1_87' title='bbox 1158 1063 1235 1116; x_wconf 84' lang='lat' dir='ltr'><strong>Unde</strong></span> <span class='ocrx_word' id='word_1_88' title='bbox 1247 1065 1337 1136; x_wconf 76' lang='lat' dir='ltr'><strong>petite</strong></span> 
     </span>
     <span class='ocr_line' id='line_1_10' title="bbox 285 1143 1336 1218; baseline -0.004 -18"><span class='ocrx_word' id='word_1_89' title='bbox 285 1161 347 1200; x_wconf 90' lang='lat' dir='ltr'><strong>sunt</strong></span> <span class='ocrx_word' id='word_1_90' title='bbox 365 1149 453 1218; x_wconf 89' lang='lat' dir='ltr'><strong>poetis</strong></span> <span class='ocrx_word' id='word_1_91' title='bbox 472 1163 540 1216; x_wconf 73' lang='lat' dir='ltr'><strong>sepe</strong></span> <span class='ocrx_word' id='word_1_92' title='bbox 555 1145 651 1216; x_wconf 75' lang='lat' dir='ltr'><strong>saepius</strong></span> <span class='ocrx_word' id='word_1_93' title='bbox 669 1143 768 1214; x_wconf 62' lang='lat' dir='ltr'><strong>ligure.</strong></span> <span class='ocrx_word' id='word_1_94' title='bbox 781 1145 873 1195; x_wconf 87' lang='lat' dir='ltr'><strong>Horat.</strong></span> <span class='ocrx_word' id='word_1_95' title='bbox 889 1145 917 1194; x_wconf 87' lang='lat' dir='ltr'><strong>iu</strong></span> <span class='ocrx_word' id='word_1_96' title='bbox 931 1144 995 1196; x_wconf 82' lang='lat' dir='ltr'><strong>Arte</strong></span> <span class='ocrx_word' id='word_1_97' title='bbox 1010 1162 1058 1210; x_wconf 81' lang='lat' dir='ltr'><strong>ao,</strong></span> <span class='ocrx_word' id='word_1_98' title='bbox 1073 1159 1116 1207; x_wconf 77' lang='lat'><strong>213</strong></span> <span class='ocrx_word' id='word_1_99' title='bbox 1129 1143 1250 1196; x_wconf 81' lang='lat' dir='ltr'>Juvenal.</span> <span class='ocrx_word' id='word_1_100' title='bbox 1267 1147 1336 1212; x_wconf 82' lang='lat' dir='ltr'><strong>le,</strong></span> 
     </span>
     <span class='ocr_line' id='line_1_11' title="bbox 286 1223 1337 1299; baseline -0.003 -19"><span class='ocrx_word' id='word_1_101' title='bbox 286 1228 338 1280; x_wconf 85' lang='lat'><strong>300</strong></span> <span class='ocrx_word' id='word_1_102' title='bbox 355 1246 415 1299; x_wconf 88' lang='lat' dir='ltr'><strong>sqq.</strong></span> <span class='ocrx_word' id='word_1_103' title='bbox 434 1229 517 1278; x_wconf 89' lang='lat' dir='ltr'><strong>immo</strong></span> <span class='ocrx_word' id='word_1_104' title='bbox 532 1227 612 1277; x_wconf 77' lang='lat' dir='ltr'><strong>edam</strong></span> <span class='ocrx_word' id='word_1_105' title='bbox 629 1236 735 1275; x_wconf 86' lang='lat' dir='ltr'><strong>constat</strong></span> <span class='ocrx_word' id='word_1_106' title='bbox 747 1223 868 1294; x_wconf 88' lang='lat' dir='ltr'><strong>picturas</strong></span> <span class='ocrx_word' id='word_1_107' title='bbox 886 1238 911 1275; x_wconf 86' lang='lat' dir='ltr'><strong>et</strong></span> <span class='ocrx_word' id='word_1_108' title='bbox 925 1224 989 1295; x_wconf 88' lang='lat' dir='ltr'><strong>ipsis</strong></span> <span class='ocrx_word' id='word_1_109' title='bbox 1002 1225 1122 1294; x_wconf 89' lang='lat' dir='ltr'><strong>patronis</strong></span> <span class='ocrx_word' id='word_1_110' title='bbox 1136 1225 1164 1274; x_wconf 91' lang='lat' dir='ltr'><strong>in</strong></span> <span class='ocrx_word' id='word_1_111' title='bbox 1181 1224 1240 1275; x_wconf 90' lang='lat' dir='ltr'><strong>foro</strong></span> <span class='ocrx_word' id='word_1_112' title='bbox 1255 1225 1337 1277; x_wconf 85' lang='lat' dir='ltr'><strong>fuisse</strong></span> 
     </span>
     <span class='ocr_line' id='line_1_12' title="bbox 285 1301 1338 1378; baseline -0.004 -18"><span class='ocrx_word' id='word_1_113' title='bbox 285 1306 432 1371; x_wconf 85' lang='lat' dir='ltr'><strong>adhibitas,</strong></span> <span class='ocrx_word' id='word_1_114' title='bbox 443 1303 540 1378; x_wconf 87' lang='lat' dir='ltr'><strong>quibus</strong></span> <span class='ocrx_word' id='word_1_115' title='bbox 551 1303 672 1375; x_wconf 88' lang='lat' dir='ltr'><strong>judicum</strong></span> <span class='ocrx_word' id='word_1_116' title='bbox 683 1304 964 1374; x_wconf 77' lang='lat' dir='ltr'><strong>circumstantiumque</strong></span> <span class='ocrx_word' id='word_1_117' title='bbox 973 1304 1076 1355; x_wconf 88' lang='lat' dir='ltr'><strong>animoa</strong></span> <span class='ocrx_word' id='word_1_118' title='bbox 1086 1301 1200 1356; x_wconf 87' lang='lat' dir='ltr'><strong>videndo</strong></span> <span class='ocrx_word' id='word_1_119' title='bbox 1215 1304 1338 1358; x_wconf 88' lang='lat' dir='ltr'><strong>incende·</strong></span> 
     </span>
     <span class='ocr_line' id='line_1_13' title="bbox 285 1380 1335 1456; baseline -0.003 -18"><span class='ocrx_word' id='word_1_120' title='bbox 285 1401 352 1440; x_wconf 91' lang='lat' dir='ltr'><strong>rent.</strong></span> <span class='ocrx_word' id='word_1_121' title='bbox 363 1384 475 1455; x_wconf 89' lang='lat' dir='ltr'><strong>Quintil.</strong></span> <span class='ocrx_word' id='word_1_122' title='bbox 488 1383 622 1436; x_wconf 84' lang='lat' dir='ltr'><strong>libr.V11:</strong></span> <span class='ocrx_word' id='word_1_123' title='bbox 638 1403 650 1428; x_wconf 73' lang='lat' dir='ltr'><strong>a</strong></span> <span class='ocrx_word' id='word_1_124' title='bbox 661 1382 713 1435; x_wconf 90' lang='lat' dir='ltr'><strong>Sed</strong></span> <span class='ocrx_word' id='word_1_125' title='bbox 725 1399 780 1435; x_wconf 89' lang='lat' dir='ltr'><strong>uon</strong></span> <span class='ocrx_word' id='word_1_126' title='bbox 790 1381 852 1436; x_wconf 92' lang='lat' dir='ltr'><strong>ideo</strong></span> <span class='ocrx_word' id='word_1_127' title='bbox 864 1380 1033 1454; x_wconf 78' lang='lat' dir='ltr'><strong>probaverim</strong></span> <span class='ocrx_word' id='word_1_128' title='bbox 1043 1383 1116 1455; x_wconf 88' lang='lat' dir='ltr'><strong>quod</strong></span> <span class='ocrx_word' id='word_1_129' title='bbox 1125 1384 1225 1436; x_wconf 88' lang='lat' dir='ltr'><strong>factum</strong></span> <span class='ocrx_word' id='word_1_130' title='bbox 1239 1398 1264 1437; x_wconf 86' lang='lat' dir='ltr'><strong>et</strong></span> <span class='ocrx_word' id='word_1_131' title='bbox 1276 1383 1335 1456; x_wconf 73' lang='lat' dir='ltr'><strong>lego</strong></span> 
     </span>
     <span class='ocr_line' id='line_1_14' title="bbox 285 1460 1337 1538; baseline -0.003 -19"><span class='ocrx_word' id='word_1_132' title='bbox 285 1479 312 1519; x_wconf 89' lang='lat' dir='ltr'><strong>et</strong></span> <span class='ocrx_word' id='word_1_133' title='bbox 327 1467 385 1538; x_wconf 89' lang='lat' dir='ltr'><strong>ipse</strong></span> <span class='ocrx_word' id='word_1_134' title='bbox 397 1463 541 1536; x_wconf 85' lang='lat' dir='ltr'><strong>aliquando</strong></span> <span class='ocrx_word' id='word_1_135' title='bbox 553 1462 621 1529; x_wconf 80' lang='lat' dir='ltr'><strong>ridi,</strong></span> <span class='ocrx_word' id='word_1_136' title='bbox 635 1460 769 1534; x_wconf 78' lang='lat' dir='ltr'><strong>depictam</strong></span> <span class='ocrx_word' id='word_1_137' title='bbox 782 1461 901 1515; x_wconf 86' lang='lat' dir='ltr'><strong>tabulam</strong></span> <span class='ocrx_word' id='word_1_138' title='bbox 915 1481 995 1534; x_wconf 89' lang='lat' dir='ltr'><strong>supra</strong></span> <span class='ocrx_word' id='word_1_139' title='bbox 1010 1464 1104 1516; x_wconf 80' lang='lat' dir='ltr'><strong>lovem</strong></span> <span class='ocrx_word' id='word_1_140' title='bbox 1116 1463 1152 1535; x_wconf 91' lang='lat' dir='ltr'><strong>(ia</strong></span> <span class='ocrx_word' id='word_1_141' title='bbox 1167 1477 1207 1516; x_wconf 88' lang='lat' dir='ltr'><strong>est</strong></span> <span class='ocrx_word' id='word_1_142' title='bbox 1220 1462 1295 1516; x_wconf 85' lang='lat' dir='ltr'><strong>locus</strong></span> <span class='ocrx_word' id='word_1_143' title='bbox 1308 1466 1337 1516; x_wconf 89' lang='lat' dir='ltr'><strong>in</strong></span> 
     </span>
     <span class='ocr_line' id='line_1_15' title="bbox 286 1540 1269 1616; baseline -0.002 -20"><span class='ocrx_word' id='word_1_144' title='bbox 286 1543 362 1616; x_wconf 87' lang='lat' dir='ltr'><strong>foro)</strong></span> <span class='ocrx_word' id='word_1_145' title='bbox 373 1545 400 1596; x_wconf 88' lang='lat' dir='ltr'><strong>iu</strong></span> <span class='ocrx_word' id='word_1_146' title='bbox 412 1544 554 1614; x_wconf 79' lang='lat' dir='ltr'><strong>imaginem</strong></span> <span class='ocrx_word' id='word_1_147' title='bbox 566 1543 620 1608; x_wconf 88' lang='lat' dir='ltr'><strong>rei,</strong></span> <span class='ocrx_word' id='word_1_148' title='bbox 632 1543 708 1615; x_wconf 79' lang='lat' dir='ltr'><strong>cujus</strong></span> <span class='ocrx_word' id='word_1_149' title='bbox 721 1543 858 1594; x_wconf 80' lang='lat' dir='ltr'><strong>atrocitate</strong></span> <span class='ocrx_word' id='word_1_150' title='bbox 867 1540 951 1615; x_wconf 79' lang='lat' dir='ltr'><strong>judex</strong></span> <span class='ocrx_word' id='word_1_151' title='bbox 962 1555 1018 1594; x_wconf 89' lang='lat' dir='ltr'><strong>eret</strong></span> <span class='ocrx_word' id='word_1_152' title='bbox 1030 1543 1245 1596; x_wconf 82' lang='lat' dir='ltr'><strong>commovendus.</strong></span> <span class='ocrx_word' id='word_1_153' title='bbox 1257 1567 1269 1594; x_wconf 76' lang='lat' dir='ltr'><strong>a</strong></span> 
     </span>
    </p>
   </div>
   <div class='ocr_carea' id='block_1_4' title="bbox 285 1641 1338 2174">
    <p class='ocr_par' dir='ltr' id='par_1_4' title="bbox 285 1641 1338 2174">
     <span class='ocr_line' id='line_1_16' title="bbox 321 1641 1336 1714; baseline 0 -18"><span class='ocrx_word' id='word_1_154' title='bbox 321 1647 391 1697; x_wconf 82' lang='lat' dir='ltr'><strong>Nor.</strong></span> <span class='ocrx_word' id='word_1_155' title='bbox 409 1659 452 1712; x_wconf 86' lang='lat'><strong>90.</strong></span> <span class='ocrx_word' id='word_1_156' title='bbox 471 1642 583 1708; x_wconf 83' lang='lat' dir='ltr'><strong>Verum,</strong></span> <span class='ocrx_word' id='word_1_157' title='bbox 605 1659 652 1694; x_wconf 82' lang='lat' dir='ltr'><strong>nec</strong></span> <span class='ocrx_word' id='word_1_158' title='bbox 671 1652 746 1694; x_wconf 83' lang='lat' dir='ltr'><strong>nocte</strong></span> <span class='ocrx_word' id='word_1_159' title='bbox 761 1651 884 1714; x_wconf 74' lang='lat' dir='ltr'><strong>paronam</strong></span> <span class='ocrx_word' id='word_1_160' title='bbox 902 1641 1027 1695; x_wconf 83' lang='lat' dir='ltr'><strong>Plorabit.</strong></span> <span class='ocrx_word' id='word_1_161' title='bbox 1047 1671 1084 1684; x_wconf 93' lang='lat'>-</span> <span class='ocrx_word' id='word_1_162' title='bbox 1099 1641 1210 1710; x_wconf 89' lang='lat' dir='ltr'><strong>Quintil.</strong></span> <span class='ocrx_word' id='word_1_163' title='bbox 1228 1642 1274 1696; x_wconf 90' lang='lat' dir='ltr'><strong>lib.</strong></span> <span class='ocrx_word' id='word_1_164' title='bbox 1293 1644 1336 1696; x_wconf 72' lang='lat' dir='ltr'><strong>X:</strong></span> 
     </span>
     <span class='ocr_line' id='line_1_17' title="bbox 289 1718 1338 1794; baseline 0.006 -25"><span class='ocrx_word' id='word_1_165' title='bbox 289 1746 300 1769; x_wconf 73' lang='grc' dir='ltr'>ι</span> <span class='ocrx_word' id='word_1_166' title='bbox 310 1726 346 1776; x_wconf 89' lang='lat' dir='ltr'><strong>Ut</strong></span> <span class='ocrx_word' id='word_1_167' title='bbox 358 1721 403 1774; x_wconf 87' lang='lat' dir='ltr'><strong>illa</strong></span> <span class='ocrx_word' id='word_1_168' title='bbox 415 1739 474 1794; x_wconf 81' lang='lat' dir='ltr'><strong>quae</strong></span> <span class='ocrx_word' id='word_1_169' title='bbox 486 1719 599 1773; x_wconf 83' lang='lat' dir='ltr'><strong>dicimus</strong></span> <span class='ocrx_word' id='word_1_170' title='bbox 611 1738 667 1774; x_wconf 90' lang='lat' dir='ltr'><strong>uon</strong></span> <span class='ocrx_word' id='word_1_171' title='bbox 679 1718 761 1772; x_wconf 93' lang='lat' dir='ltr'><strong>domo</strong></span> <span class='ocrx_word' id='word_1_172' title='bbox 773 1719 906 1787; x_wconf 81' lang='lat' dir='ltr'><strong>attulisse,</strong></span> <span class='ocrx_word' id='word_1_173' title='bbox 919 1721 967 1774; x_wconf 89' lang='lat' dir='ltr'><strong>sed</strong></span> <span class='ocrx_word' id='word_1_174' title='bbox 973 1721 1011 1774; x_wconf 91' lang='lat' dir='ltr'><strong>ibi</strong></span> <span class='ocrx_word' id='word_1_175' title='bbox 1019 1724 1141 1794; x_wconf 87' lang='lat' dir='ltr'><strong>protinus</strong></span> <span class='ocrx_word' id='word_1_176' title='bbox 1152 1724 1295 1794; x_wconf 85' lang='lat' dir='ltr'><strong>sumpsisse</strong></span> <span class='ocrx_word' id='word_1_177' title='bbox 1302 1725 1338 1776; x_wconf 86' lang='lat' dir='ltr'><strong>ri·</strong></span> 
     </span>
     <span class='ocr_line' id='line_1_18' title="bbox 287 1800 1337 1872; baseline -0.001 -17"><span class='ocrx_word' id='word_1_178' title='bbox 287 1802 406 1868; x_wconf 86' lang='lat' dir='ltr'><strong>deamur,</strong></span> <span class='ocrx_word' id='word_1_179' title='bbox 421 1814 447 1853; x_wconf 90' lang='lat' dir='ltr'><strong>et</strong></span> <span class='ocrx_word' id='word_1_180' title='bbox 459 1801 559 1852; x_wconf 89' lang='lat' dir='ltr'><strong>oratori</strong></span> <span class='ocrx_word' id='word_1_181' title='bbox 573 1812 599 1852; x_wconf 93' lang='lat' dir='ltr'><strong>et</strong></span> <span class='ocrx_word' id='word_1_182' title='bbox 613 1800 664 1869; x_wconf 90' lang='lat' dir='ltr'><strong>ipsi</strong></span> <span class='ocrx_word' id='word_1_183' title='bbox 678 1816 778 1852; x_wconf 82' lang='lat' dir='ltr'><strong>caussae</strong></span> <span class='ocrx_word' id='word_1_184' title='bbox 791 1800 935 1871; x_wconf 90' lang='lat' dir='ltr'><strong>plurimum</strong></span> <span class='ocrx_word' id='word_1_185' title='bbox 948 1801 1068 1854; x_wconf 80' lang='lat' dir='ltr'><strong>confert:</strong></span> <span class='ocrx_word' id='word_1_186' title='bbox 1081 1821 1143 1854; x_wconf 91' lang='lat' dir='ltr'><strong>nam</strong></span> <span class='ocrx_word' id='word_1_187' title='bbox 1157 1816 1183 1854; x_wconf 92' lang='lat' dir='ltr'><strong>et</strong></span> <span class='ocrx_word' id='word_1_188' title='bbox 1194 1803 1277 1872; x_wconf 72' lang='lat' dir='ltr'><strong>magia</strong></span> <span class='ocrx_word' id='word_1_189' title='bbox 1289 1804 1337 1854; x_wconf 90' lang='lat' dir='ltr'><strong>mi·</strong></span> 
     </span>
     <span class='ocr_line' id='line_1_19' title="bbox 286 1879 1334 1954; baseline -0.004 -19"><span class='ocrx_word' id='word_1_190' title='bbox 286 1897 372 1950; x_wconf 83' lang='lat' dir='ltr'><strong>ratur,</strong></span> <span class='ocrx_word' id='word_1_191' title='bbox 393 1895 420 1933; x_wconf 88' lang='lat' dir='ltr'><strong>et</strong></span> <span class='ocrx_word' id='word_1_192' title='bbox 438 1883 524 1933; x_wconf 88' lang='lat' dir='ltr'><strong>minus</strong></span> <span class='ocrx_word' id='word_1_193' title='bbox 539 1882 614 1932; x_wconf 91' lang='lat' dir='ltr'><strong>timet</strong></span> <span class='ocrx_word' id='word_1_194' title='bbox 629 1879 785 1951; x_wconf 73' lang='lat' dir='ltr'><strong>judexque</strong></span> <span class='ocrx_word' id='word_1_195' title='bbox 803 1898 857 1931; x_wconf 88' lang='lat' dir='ltr'><strong>non</strong></span> <span class='ocrx_word' id='word_1_196' title='bbox 872 1893 950 1951; x_wconf 90' lang='lat' dir='ltr'><strong>putat</strong></span> <span class='ocrx_word' id='word_1_197' title='bbox 968 1879 1095 1936; x_wconf 83' lang='lat' dir='ltr'><strong>adversus</strong></span> <span class='ocrx_word' id='word_1_198' title='bbox 1114 1900 1142 1934; x_wconf 91' lang='lat' dir='ltr'><strong>se</strong></span> <span class='ocrx_word' id='word_1_199' title='bbox 1155 1895 1311 1954; x_wconf 75' lang='lat' dir='ltr'><strong>preparata.</strong></span> <span class='ocrx_word' id='word_1_200' title='bbox 1322 1906 1334 1930; x_wconf 83' lang='grc' dir='ltr'>ι</span> 
     </span>
     <span class='ocr_line' id='line_1_20' title="bbox 285 1956 1338 2028; baseline -0.001 -14"><span class='ocrx_word' id='word_1_201' title='bbox 285 1964 394 2016; x_wconf 78' lang='lat' dir='ltr'><strong>Aristot.</strong></span> <span class='ocrx_word' id='word_1_202' title='bbox 409 1959 517 2013; x_wconf 81' lang='lat' dir='ltr'><strong>libetur.</strong></span> <span class='ocrx_word' id='word_1_203' title='bbox 530 1963 553 2012; x_wconf 97' lang='lat' dir='ltr'><strong>ll</strong></span> <span class='ocrx_word' id='word_1_204' title='bbox 564 1981 570 2010; x_wconf 76' lang='grc' dir='ltr'><strong><em>ι</em></strong></span> <span class='ocrx_word' id='word_1_205' title='bbox 584 1956 754 2013; x_wconf 60' lang='lat' dir='ltr'><strong>friusclus</strong></span> <span class='ocrx_word' id='word_1_206' title='bbox 767 1957 889 2015; x_wconf 71' lang='lat' dir='ltr'><strong>notabiles</strong></span> <span class='ocrx_word' id='word_1_207' title='bbox 899 1959 942 2011; x_wconf 76' lang='lat' dir='ltr'><strong>ssi</strong></span> <span class='ocrx_word' id='word_1_208' title='bbox 949 1981 983 2026; x_wconf 76' lang='grc' dir='ltr'><strong>μι</strong></span> <span class='ocrx_word' id='word_1_209' title='bbox 995 1961 1069 2015; x_wconf 74' lang='lat' dir='ltr'><strong>fassis</strong></span> <span class='ocrx_word' id='word_1_210' title='bbox 1080 1959 1153 2028; x_wconf 69' lang='lat' dir='ltr'><strong>lipara</strong></span> <span class='ocrx_word' id='word_1_211' title='bbox 1164 1959 1338 2028; x_wconf 67' lang='lat' dir='ltr'><strong>masupia-e</strong></span> 
     </span>
     <span class='ocr_line' id='line_1_21' title="bbox 286 2035 1338 2114; baseline 0 -20"><span class='ocrx_word' id='word_1_212' title='bbox 286 2039 353 2094; x_wconf 64' lang='lat' dir='ltr'><strong>aul</strong></span> <span class='ocrx_word' id='word_1_213' title='bbox 364 2037 505 2103; x_wconf 61' lang='lat' dir='ltr'><strong>marmiae.</strong></span> <span class='ocrx_word' id='word_1_214' title='bbox 519 2067 553 2082; x_wconf 83' lang='lat'><em>-</em></span> <span class='ocrx_word' id='word_1_215' title='bbox 566 2040 594 2098; x_wconf 83' lang='lat' dir='ltr'><em>V</em></span> <span class='ocrx_word' id='word_1_216' title='bbox 591 2059 663 2094; x_wconf 83' lang='lat' dir='ltr'><strong>cutm</strong></span> <span class='ocrx_word' id='word_1_217' title='bbox 675 2039 804 2111; x_wconf 74' lang='lat' dir='ltr'><strong>plorabit,</strong></span> <span class='ocrx_word' id='word_1_218' title='bbox 818 2039 933 2092; x_wconf 86' lang='lat' dir='ltr'><strong>subaud.</strong></span> <span class='ocrx_word' id='word_1_219' title='bbox 947 2041 1094 2112; x_wconf 86' lang='lat' dir='ltr'><strong>ploratum,</strong></span> <span class='ocrx_word' id='word_1_220' title='bbox 1109 2035 1163 2114; x_wconf 83' lang='lat' dir='ltr'><strong>quo</strong></span> <span class='ocrx_word' id='word_1_221' title='bbox 1177 2042 1259 2094; x_wconf 90' lang='lat' dir='ltr'><strong>modo</strong></span> <span class='ocrx_word' id='word_1_222' title='bbox 1271 2042 1338 2095; x_wconf 88' lang='lat' dir='ltr'><strong>dici·</strong></span> 
     </span>
     <span class='ocr_line' id='line_1_22' title="bbox 288 2122 529 2174; baseline 0 -2"><span class='ocrx_word' id='word_1_223' title='bbox 288 2135 332 2174; x_wconf 89' lang='lat' dir='ltr'><strong>tur</strong></span> <span class='ocrx_word' id='word_1_224' title='bbox 343 2122 427 2174; x_wconf 79' lang='lat' dir='ltr'><strong>nicene</strong></span> <span class='ocrx_word' id='word_1_225' title='bbox 439 2122 529 2174; x_wconf 83' lang='lat' dir='ltr'><strong>vitum.</strong></span> 
     </span>
    </p>
   </div>
   <div class='ocr_carea' id='block_1_5' title="bbox 287 2221 1340 2452">
    <p class='ocr_par' dir='ltr' id='par_1_5' title="bbox 287 2221 1340 2452">
     <span class='ocr_line' id='line_1_23' title="bbox 321 2221 1338 2296; baseline -0.001 -23"><span class='ocrx_word' id='word_1_226' title='bbox 321 2223 390 2274; x_wconf 82' lang='lat' dir='ltr'><strong>Nor.</strong></span> <span class='ocrx_word' id='word_1_227' title='bbox 409 2239 452 2292; x_wconf 87' lang='lat'><strong>9¹·</strong></span> <span class='ocrx_word' id='word_1_228' title='bbox 466 2221 570 2292; x_wconf 78' lang='lat' dir='ltr'><strong>Quiane</strong></span> <span class='ocrx_word' id='word_1_229' title='bbox 581 2221 652 2274; x_wconf 84' lang='lat' dir='ltr'><strong>volet</strong></span> <span class='ocrx_word' id='word_1_230' title='bbox 662 2222 931 2296; x_wconf 77' lang='lat' dir='ltr'><strong>incurvassequerelo.</strong></span> <span class='ocrx_word' id='word_1_231' title='bbox 946 2251 982 2265; x_wconf 89' lang='lat'>—</span> <span class='ocrx_word' id='word_1_232' title='bbox 995 2223 1146 2274; x_wconf 75' lang='lat' dir='ltr'><strong>incurvasse</strong></span> <span class='ocrx_word' id='word_1_233' title='bbox 1150 2243 1160 2284; x_wconf 70' lang='grc' dir='ltr'><strong><em>ς</em></strong></span> <span class='ocrx_word' id='word_1_234' title='bbox 1173 2223 1338 2292; x_wconf 84' lang='lat' dir='ltr'><strong>frequentior</strong></span> 
     </span>
     <span class='ocr_line' id='line_1_24' title="bbox 287 2299 1338 2373; baseline 0 -19"><span class='ocrx_word' id='word_1_235' title='bbox 287 2301 359 2373; x_wconf 87' lang='lat' dir='ltr'><strong>apud</strong></span> <span class='ocrx_word' id='word_1_236' title='bbox 378 2303 503 2373; x_wconf 89' lang='lat' dir='ltr'><strong>antiquos</strong></span> <span class='ocrx_word' id='word_1_237' title='bbox 521 2319 553 2352; x_wconf 88' lang='lat' dir='ltr'><strong>ea</strong></span> <span class='ocrx_word' id='word_1_238' title='bbox 568 2318 619 2352; x_wconf 83' lang='lat' dir='ltr'><strong>vox</strong></span> <span class='ocrx_word' id='word_1_239' title='bbox 635 2300 793 2354; x_wconf 87' lang='lat' dir='ltr'><strong>translatae</strong></span> <span class='ocrx_word' id='word_1_240' title='bbox 810 2300 889 2354; x_wconf 89' lang='lat' dir='ltr'><strong>ludis.</strong></span> <span class='ocrx_word' id='word_1_241' title='bbox 904 2301 1008 2354; x_wconf 79' lang='lat' dir='ltr'><strong>Pindar.</strong></span> <span class='ocrx_word' id='word_1_242' title='bbox 1028 2299 1118 2352; x_wconf 87' lang='lat' dir='ltr'><strong>lathm.</strong></span> <span class='ocrx_word' id='word_1_243' title='bbox 1135 2303 1180 2367; x_wconf 89' lang='lat' dir='ltr'><strong>IV,</strong></span> <span class='ocrx_word' id='word_1_244' title='bbox 1194 2301 1236 2371; x_wconf 85' lang='lat'><strong>89.</strong></span> <span class='ocrx_word' id='word_1_245' title='bbox 1254 2299 1338 2368; x_wconf 66' lang='grc' dir='ltr'>ψυχὰν</span> 
     </span>
     <span class='ocr_line' id='line_1_25' title="bbox 287 2377 1340 2452; baseline 0.003 -22"><span class='ocrx_word' id='word_1_246' title='bbox 287 2377 451 2446; x_wconf 68' lang='lat' dir='ltr'><strong>f‘isapa‘lae3</strong></span> <span class='ocrx_word' id='word_1_247' title='bbox 463 2380 556 2432; x_wconf 88' lang='lat' dir='ltr'><strong>Senec.</strong></span> <span class='ocrx_word' id='word_1_248' title='bbox 571 2379 605 2432; x_wconf 93' lang='lat' dir='ltr'><strong>de</strong></span> <span class='ocrx_word' id='word_1_249' title='bbox 616 2383 659 2432; x_wconf 85' lang='lat' dir='ltr'><strong>lra</strong></span> <span class='ocrx_word' id='word_1_250' title='bbox 672 2382 720 2433; x_wconf 87' lang='lat' dir='ltr'><strong>Ill:</strong></span> <span class='ocrx_word' id='word_1_251' title='bbox 737 2381 820 2433; x_wconf 74' lang='lat' dir='ltr'><strong>«Non</strong></span> <span class='ocrx_word' id='word_1_252' title='bbox 835 2395 874 2434; x_wconf 87' lang='lat' dir='ltr'><strong>est</strong></span> <span class='ocrx_word' id='word_1_253' title='bbox 888 2398 999 2452; x_wconf 72' lang='lat' dir='ltr'><strong>magnus</strong></span> <span class='ocrx_word' id='word_1_254' title='bbox 1014 2381 1116 2432; x_wconf 88' lang='lat' dir='ltr'><strong>animus</strong></span> <span class='ocrx_word' id='word_1_255' title='bbox 1131 2399 1208 2452; x_wconf 86' lang='lat' dir='ltr'><strong>quem</strong></span> <span class='ocrx_word' id='word_1_256' title='bbox 1219 2379 1340 2433; x_wconf 82' lang='lat' dir='ltr'><strong>incurvat</strong></span> 
     </span>
    </p>
   </div>
   <div class='ocr_carea' id='block_1_6' title="bbox 287 2457 1338 2611">
    <p class='ocr_par' dir='ltr' id='par_1_6' title="bbox 287 2457 1338 2611">
     <span class='ocr_line' id='line_1_26' title="bbox 287 2457 1338 2534; baseline 0 -22"><span class='ocrx_word' id='word_1_257' title='bbox 287 2464 413 2532; x_wconf 75' lang='lat' dir='ltr'><strong>injurias</strong></span> <span class='ocrx_word' id='word_1_258' title='bbox 428 2460 466 2515; x_wconf 88' lang='lat' dir='ltr'><strong>ld.</strong></span> <span class='ocrx_word' id='word_1_259' title='bbox 479 2457 587 2512; x_wconf 85' lang='lat' dir='ltr'><strong>Consul.</strong></span> <span class='ocrx_word' id='word_1_260' title='bbox 601 2459 636 2512; x_wconf 89' lang='lat' dir='ltr'><strong>ad</strong></span> <span class='ocrx_word' id='word_1_261' title='bbox 645 2459 796 2534; x_wconf 70' lang='lat' dir='ltr'><strong>Polybium</strong></span> <span class='ocrx_word' id='word_1_262' title='bbox 809 2460 844 2512; x_wconf 89' lang='lat' dir='ltr'><strong>id.</strong></span> <span class='ocrx_word' id='word_1_263' title='bbox 857 2458 970 2531; x_wconf 83' lang='lat' dir='ltr'><strong>Epistol.</strong></span> <span class='ocrx_word' id='word_1_264' title='bbox 982 2477 1025 2530; x_wconf 90' lang='lat'><strong>7¹·</strong></span> <span class='ocrx_word' id='word_1_265' title='bbox 1035 2459 1134 2512; x_wconf 79' lang='lat' dir='ltr'><strong>Confer</strong></span> <span class='ocrx_word' id='word_1_266' title='bbox 1146 2478 1252 2513; x_wconf 89' lang='lat' dir='ltr'><strong>omnem</strong></span> <span class='ocrx_word' id='word_1_267' title='bbox 1264 2458 1338 2512; x_wconf 91' lang='lat' dir='ltr'><strong>hunc</strong></span> 
     </span>
     <span class='ocr_line' id='line_1_27' title="bbox 287 2539 1188 2611; baseline 0 -19"><span class='ocrx_word' id='word_1_268' title='bbox 287 2542 370 2592; x_wconf 89' lang='lat' dir='ltr'><strong>Persii</strong></span> <span class='ocrx_word' id='word_1_269' title='bbox 380 2539 470 2590; x_wconf 90' lang='lat' dir='ltr'><strong>locum</strong></span> <span class='ocrx_word' id='word_1_270' title='bbox 481 2557 542 2590; x_wconf 90' lang='lat' dir='ltr'><strong>cum</strong></span> <span class='ocrx_word' id='word_1_271' title='bbox 554 2541 647 2592; x_wconf 82' lang='lat' dir='ltr'><strong>floret.</strong></span> <span class='ocrx_word' id='word_1_272' title='bbox 661 2543 687 2592; x_wconf 90' lang='lat' dir='ltr'><strong>iu</strong></span> <span class='ocrx_word' id='word_1_273' title='bbox 701 2554 771 2609; x_wconf 88' lang='lat' dir='ltr'><strong>arte,</strong></span> <span class='ocrx_word' id='word_1_274' title='bbox 782 2559 850 2592; x_wconf 82' lang='lat' dir='ltr'><strong>vera.</strong></span> <span class='ocrx_word' id='word_1_275' title='bbox 864 2555 898 2592; x_wconf 79' lang='lat'><strong>20</strong></span> <span class='ocrx_word' id='word_1_276' title='bbox 910 2557 984 2611; x_wconf 84' lang='lat' dir='ltr'><strong>sqq,</strong></span> <span class='ocrx_word' id='word_1_277' title='bbox 996 2539 1031 2610; x_wconf 82' lang='lat'><strong>96</strong></span> <span class='ocrx_word' id='word_1_278' title='bbox 1043 2559 1116 2611; x_wconf 80' lang='lat' dir='ltr'><strong>sqq,</strong></span> <span class='ocrx_word' id='word_1_279' title='bbox 1129 2556 1188 2592; x_wconf 81' lang='lat' dir='ltr'><strong>aso.</strong></span> 
     </span>
    </p>
   </div>
   <div class='ocr_carea' id='block_1_7' title="bbox 284 2634 1338 4137">
    <p class='ocr_par' dir='ltr' id='par_1_7' title="bbox 284 2634 1338 4137">
     <span class='ocr_line' id='line_1_28' title="bbox 322 2634 1338 2710; baseline -0.001 -21"><span class='ocrx_word' id='word_1_280' title='bbox 322 2639 403 2689; x_wconf 78' lang='lat' dir='ltr'><strong>Anas.</strong></span> <span class='ocrx_word' id='word_1_281' title='bbox 422 2653 472 2706; x_wconf 80' lang='lat'><strong>92,</strong></span> <span class='ocrx_word' id='word_1_282' title='bbox 490 2635 548 2688; x_wconf 83' lang='lat'><strong>106.</strong></span> <span class='ocrx_word' id='word_1_283' title='bbox 563 2634 663 2688; x_wconf 84' lang='lat' dir='ltr'><strong>Locum</strong></span> <span class='ocrx_word' id='word_1_284' title='bbox 676 2639 722 2710; x_wconf 89' lang='lat' dir='ltr'><strong>qui</strong></span> <span class='ocrx_word' id='word_1_285' title='bbox 734 2639 864 2710; x_wconf 88' lang='lat' dir='ltr'><strong>sequitur,</strong></span> <span class='ocrx_word' id='word_1_286' title='bbox 876 2634 929 2687; x_wconf 93' lang='lat' dir='ltr'><strong>duo</strong></span> <span class='ocrx_word' id='word_1_287' title='bbox 944 2651 1007 2686; x_wconf 86' lang='lat' dir='ltr'><strong>sunt</strong></span> <span class='ocrx_word' id='word_1_288' title='bbox 1019 2653 1076 2707; x_wconf 77' lang='lat' dir='ltr'><strong>quae</strong></span> <span class='ocrx_word' id='word_1_289' title='bbox 1088 2636 1189 2688; x_wconf 87' lang='lat' dir='ltr'><strong>faciant</strong></span> <span class='ocrx_word' id='word_1_290' title='bbox 1201 2636 1281 2688; x_wconf 87' lang='lat' dir='ltr'><strong>totins</strong></span> <span class='ocrx_word' id='word_1_291' title='bbox 1294 2653 1338 2688; x_wconf 83' lang='lat' dir='ltr'><strong>aa·</strong></span> 
     </span>
     <span class='ocr_line' id='line_1_29' title="bbox 286 2713 1336 2789; baseline -0.002 -21"><span class='ocrx_word' id='word_1_292' title='bbox 286 2717 341 2768; x_wconf 80' lang='lat' dir='ltr'><strong>tiras</strong></span> <span class='ocrx_word' id='word_1_293' title='bbox 355 2713 540 2766; x_wconf 82' lang='lat' dir='ltr'><strong>difficillimum</strong></span> <span class='ocrx_word' id='word_1_294' title='bbox 552 2734 584 2767; x_wconf 85' lang='lat' dir='ltr'><strong>ac</strong></span> <span class='ocrx_word' id='word_1_295' title='bbox 595 2719 669 2787; x_wconf 79' lang='lat' dir='ltr'><strong>paene</strong></span> <span class='ocrx_word' id='word_1_296' title='bbox 684 2715 902 2770; x_wconf 80' lang='lat' dir='ltr'><strong>inextricabilem.</strong></span> <span class='ocrx_word' id='word_1_297' title='bbox 919 2714 944 2765; x_wconf 84' lang='lat'><strong>1⁰</strong></span> <span class='ocrx_word' id='word_1_298' title='bbox 957 2713 997 2764; x_wconf 93' lang='lat' dir='ltr'><strong>De</strong></span> <span class='ocrx_word' id='word_1_299' title='bbox 1010 2715 1089 2766; x_wconf 88' lang='lat' dir='ltr'><strong>rebus</strong></span> <span class='ocrx_word' id='word_1_300' title='bbox 1102 2716 1188 2786; x_wconf 75' lang='lat' dir='ltr'><strong>agitur</strong></span> <span class='ocrx_word' id='word_1_301' title='bbox 1199 2717 1227 2768; x_wconf 90' lang='lat' dir='ltr'><strong>iu</strong></span> <span class='ocrx_word' id='word_1_302' title='bbox 1240 2713 1336 2789; x_wconf 89' lang='lat' dir='ltr'><strong>quihus</strong></span> 
     </span>
     <span class='ocr_line' id='line_1_30' title="bbox 286 2792 1337 2866; baseline -0.001 -18"><span class='ocrx_word' id='word_1_303' title='bbox 286 2793 420 2848; x_wconf 89' lang='lat' dir='ltr'><strong>interdum</strong></span> <span class='ocrx_word' id='word_1_304' title='bbox 433 2811 483 2845; x_wconf 90' lang='lat' dir='ltr'><strong>nos</strong></span> <span class='ocrx_word' id='word_1_305' title='bbox 495 2792 609 2866; x_wconf 79' lang='lat' dir='ltr'><strong>caligare</strong></span> <span class='ocrx_word' id='word_1_306' title='bbox 622 2799 782 2850; x_wconf 87' lang='lat' dir='ltr'><strong>recentiores</strong></span> <span class='ocrx_word' id='word_1_307' title='bbox 793 2798 926 2847; x_wconf 84' lang='lat' dir='ltr'><strong>fateamur</strong></span> <span class='ocrx_word' id='word_1_308' title='bbox 938 2811 1046 2846; x_wconf 90' lang='lat' dir='ltr'><strong>necesse</strong></span> <span class='ocrx_word' id='word_1_309' title='bbox 1058 2807 1106 2847; x_wconf 89' lang='lat' dir='ltr'><strong>eat.</strong></span> <span class='ocrx_word' id='word_1_310' title='bbox 1120 2795 1216 2866; x_wconf 69' lang='lat' dir='ltr'><strong>Agitur</strong></span> <span class='ocrx_word' id='word_1_311' title='bbox 1227 2795 1261 2847; x_wconf 89' lang='lat' dir='ltr'><strong>de</strong></span> <span class='ocrx_word' id='word_1_312' title='bbox 1274 2813 1337 2847; x_wconf 86' lang='lat' dir='ltr'><strong>car-</strong></span> 
     </span>
     <span class='ocr_line' id='line_1_31' title="bbox 287 2873 1337 2948; baseline 0 -22"><span class='ocrx_word' id='word_1_313' title='bbox 287 2877 387 2926; x_wconf 89' lang='lat' dir='ltr'><strong>minum</strong></span> <span class='ocrx_word' id='word_1_314' title='bbox 394 2873 565 2942; x_wconf 87' lang='lat' dir='ltr'><strong>numeris,de</strong></span> <span class='ocrx_word' id='word_1_315' title='bbox 570 2875 749 2946; x_wconf 85' lang='lat' dir='ltr'><strong>junctura,de</strong></span> <span class='ocrx_word' id='word_1_316' title='bbox 756 2873 880 2948; x_wconf 73' lang='lat' dir='ltr'><strong>rhythmo</strong></span> <span class='ocrx_word' id='word_1_317' title='bbox 888 2873 1266 2948; x_wconf 85' lang='lat' dir='ltr'><strong>aliisquevirtutihus‚quihus</strong></span> <span class='ocrx_word' id='word_1_318' title='bbox 1273 2893 1337 2946; x_wconf 86' lang='lat' dir='ltr'><strong>poe·</strong></span> 
     </span>
     <span class='ocr_line' id='line_1_32' title="bbox 286 2951 1336 3022; baseline -0.002 -15"><span class='ocrx_word' id='word_1_319' title='bbox 286 2957 338 3008; x_wconf 83' lang='lat' dir='ltr'><strong>tica</strong></span> <span class='ocrx_word' id='word_1_320' title='bbox 348 2952 491 3005; x_wconf 90' lang='lat' dir='ltr'><strong>decoratur</strong></span> <span class='ocrx_word' id='word_1_321' title='bbox 500 2956 602 3022; x_wconf 85' lang='lat' dir='ltr'><strong>oratio,</strong></span> <span class='ocrx_word' id='word_1_322' title='bbox 616 2957 638 3008; x_wconf 95' lang='lat' dir='ltr'><strong>si</strong></span> <span class='ocrx_word' id='word_1_323' title='bbox 648 2955 743 3007; x_wconf 92' lang='lat' dir='ltr'><strong>callide</strong></span> <span class='ocrx_word' id='word_1_324' title='bbox 754 2951 940 3019; x_wconf 83' lang='lat' dir='ltr'><strong>adhibeantur,</strong></span> <span class='ocrx_word' id='word_1_325' title='bbox 951 2953 992 3004; x_wconf 89' lang='lat' dir='ltr'><strong>sin</strong></span> <span class='ocrx_word' id='word_1_326' title='bbox 1000 2971 1078 3021; x_wconf 81' lang='lat' dir='ltr'><strong>vero,</strong></span> <span class='ocrx_word' id='word_1_327' title='bbox 1088 2951 1260 3007; x_wconf 83' lang='lat' dir='ltr'><strong>deformetur.</strong></span> <span class='ocrx_word' id='word_1_328' title='bbox 1270 2955 1336 3022; x_wconf 80' lang='lat' dir='ltr'><strong>Quae</strong></span> 
     </span>
     <span class='ocr_line' id='line_1_33' title="bbox 287 3032 1337 3106; baseline -0.001 -21"><span class='ocrx_word' id='word_1_329' title='bbox 287 3035 379 3087; x_wconf 88' lang='lat' dir='ltr'><strong>omnia</strong></span> <span class='ocrx_word' id='word_1_330' title='bbox 395 3051 477 3106; x_wconf 89' lang='lat' dir='ltr'><strong>quum</strong></span> <span class='ocrx_word' id='word_1_331' title='bbox 493 3035 574 3106; x_wconf 88' lang='lat' dir='ltr'><strong>pauci</strong></span> <span class='ocrx_word' id='word_1_332' title='bbox 591 3035 735 3088; x_wconf 85' lang='lat' dir='ltr'><strong>admodum</strong></span> <span class='ocrx_word' id='word_1_333' title='bbox 747 3033 788 3086; x_wconf 88' lang='lat' dir='ltr'><strong>vel</strong></span> <span class='ocrx_word' id='word_1_334' title='bbox 801 3035 828 3084; x_wconf 91' lang='lat' dir='ltr'><strong>iu</strong></span> <span class='ocrx_word' id='word_1_335' title='bbox 842 3032 932 3085; x_wconf 82' lang='lat' dir='ltr'><strong>nativo</strong></span> <span class='ocrx_word' id='word_1_336' title='bbox 948 3050 1069 3086; x_wconf 86' lang='lat' dir='ltr'><strong>sermone</strong></span> <span class='ocrx_word' id='word_1_337' title='bbox 1083 3053 1133 3087; x_wconf 89' lang='lat' dir='ltr'><strong>suo</strong></span> <span class='ocrx_word' id='word_1_338' title='bbox 1148 3033 1337 3104; x_wconf 70' lang='lat' dir='ltr'><strong>intelligerem</strong></span> 
     </span>
     <span class='ocr_line' id='line_1_34' title="bbox 286 3110 1338 3187; baseline -0.001 -21"><span class='ocrx_word' id='word_1_339' title='bbox 286 3113 442 3185; x_wconf 72' lang='lat' dir='ltr'><strong>dignoscere</strong></span> <span class='ocrx_word' id='word_1_340' title='bbox 454 3117 590 3182; x_wconf 83' lang='lat' dir='ltr'><strong>noverint,</strong></span> <span class='ocrx_word' id='word_1_341' title='bbox 604 3117 662 3187; x_wconf 89' lang='lat' dir='ltr'><strong>quis</strong></span> <span class='ocrx_word' id='word_1_342' title='bbox 673 3128 712 3167; x_wconf 87' lang='lat' dir='ltr'><strong>est</strong></span> <span class='ocrx_word' id='word_1_343' title='bbox 724 3127 776 3166; x_wconf 83' lang='lat' dir='ltr'><strong>tani</strong></span> <span class='ocrx_word' id='word_1_344' title='bbox 787 3110 920 3178; x_wconf 88' lang='lat' dir='ltr'><strong>insolens,</strong></span> <span class='ocrx_word' id='word_1_345' title='bbox 931 3114 977 3184; x_wconf 92' lang='lat' dir='ltr'><strong>qui</strong></span> <span class='ocrx_word' id='word_1_346' title='bbox 984 3113 1017 3167; x_wconf 92' lang='lat' dir='ltr'><strong>de</strong></span> <span class='ocrx_word' id='word_1_347' title='bbox 1024 3113 1117 3168; x_wconf 89' lang='lat' dir='ltr'><strong>iisdem</strong></span> <span class='ocrx_word' id='word_1_348' title='bbox 1124 3113 1203 3166; x_wconf 88' lang='lat' dir='ltr'><strong>rebus</strong></span> <span class='ocrx_word' id='word_1_349' title='bbox 1210 3116 1238 3166; x_wconf 90' lang='lat' dir='ltr'><strong>in</strong></span> <span class='ocrx_word' id='word_1_350' title='bbox 1247 3114 1338 3184; x_wconf 74' lang='lat' dir='ltr'><strong>lingna</strong></span> 
     </span>
     <span class='ocr_line' id='line_1_35' title="bbox 285 3183 1338 3264; baseline -0.003 -18"><span class='ocrx_word' id='word_1_351' title='bbox 285 3205 372 3247; x_wconf 87' lang='lat' dir='ltr'><strong>vetere</strong></span> <span class='ocrx_word' id='word_1_352' title='bbox 392 3207 432 3260; x_wconf 87' lang='lat' dir='ltr'><strong>et,</strong></span> <span class='ocrx_word' id='word_1_353' title='bbox 453 3207 482 3246; x_wconf 87' lang='lat' dir='ltr'><strong>ut</strong></span> <span class='ocrx_word' id='word_1_354' title='bbox 504 3195 593 3261; x_wconf 86' lang='lat' dir='ltr'><strong>aiunt,</strong></span> <span class='ocrx_word' id='word_1_355' title='bbox 613 3207 735 3247; x_wconf 89' lang='lat' dir='ltr'><strong>emortua</strong></span> <span class='ocrx_word' id='word_1_356' title='bbox 749 3183 1056 3264; x_wconf 50' lang='lat' dir='ltr'><strong>audoat‘pronuntiare?</strong></span> <span class='ocrx_word' id='word_1_357' title='bbox 1080 3196 1107 3247; x_wconf 75' lang='lat'><strong>2⁰</strong></span> <span class='ocrx_word' id='word_1_358' title='bbox 1128 3195 1232 3248; x_wconf 88' lang='lat' dir='ltr'><strong>Persius</strong></span> <span class='ocrx_word' id='word_1_359' title='bbox 1249 3211 1280 3246; x_wconf 86' lang='lat' dir='ltr'><strong>ea</strong></span> <span class='ocrx_word' id='word_1_360' title='bbox 1294 3210 1338 3244; x_wconf 90' lang='lat' dir='ltr'><strong>re-</strong></span> 
     </span>
     <span class='ocr_line' id='line_1_36' title="bbox 286 3269 1337 3345; baseline -0.001 -21"><span class='ocrx_word' id='word_1_361' title='bbox 286 3271 427 3344; x_wconf 86' lang='lat' dir='ltr'><strong>prehendit</strong></span> <span class='ocrx_word' id='word_1_362' title='bbox 439 3275 571 3341; x_wconf 88' lang='lat' dir='ltr'><strong>carmina,</strong></span> <span class='ocrx_word' id='word_1_363' title='bbox 580 3293 627 3327; x_wconf 89' lang='lat' dir='ltr'><strong>eoa</strong></span> <span class='ocrx_word' id='word_1_364' title='bbox 638 3285 775 3338; x_wconf 77' lang='lat' dir='ltr'><strong>auctores,</strong></span> <span class='ocrx_word' id='word_1_365' title='bbox 787 3269 820 3324; x_wconf 92' lang='lat' dir='ltr'><strong>de</strong></span> <span class='ocrx_word' id='word_1_366' title='bbox 831 3271 927 3342; x_wconf 87' lang='lat' dir='ltr'><strong>quihus</strong></span> <span class='ocrx_word' id='word_1_367' title='bbox 938 3292 971 3326; x_wconf 92' lang='lat' dir='ltr'><strong>ne</strong></span> <span class='ocrx_word' id='word_1_368' title='bbox 982 3273 1035 3325; x_wconf 87' lang='lat' dir='ltr'><strong>ulla</strong></span> <span class='ocrx_word' id='word_1_369' title='bbox 1045 3273 1152 3345; x_wconf 89' lang='lat' dir='ltr'><strong>quidem</strong></span> <span class='ocrx_word' id='word_1_370' title='bbox 1161 3271 1195 3326; x_wconf 91' lang='lat' dir='ltr'><strong>ad</strong></span> <span class='ocrx_word' id='word_1_371' title='bbox 1204 3290 1253 3324; x_wconf 90' lang='lat' dir='ltr'><strong>noa</strong></span> <span class='ocrx_word' id='word_1_372' title='bbox 1266 3291 1337 3324; x_wconf 89' lang='lat' dir='ltr'><strong>men·</strong></span> 
     </span>
     <span class='ocr_line' id='line_1_37' title="bbox 286 3349 1336 3424; baseline -0.002 -21"><span class='ocrx_word' id='word_1_373' title='bbox 286 3351 432 3422; x_wconf 87' lang='lat' dir='ltr'><strong>tioperlata</strong></span> <span class='ocrx_word' id='word_1_374' title='bbox 444 3365 495 3415; x_wconf 85' lang='lat' dir='ltr'><strong>est;</strong></span> <span class='ocrx_word' id='word_1_375' title='bbox 510 3366 535 3404; x_wconf 92' lang='lat' dir='ltr'><strong>et</strong></span> <span class='ocrx_word' id='word_1_376' title='bbox 543 3355 580 3404; x_wconf 92' lang='lat' dir='ltr'><strong>ita</strong></span> <span class='ocrx_word' id='word_1_377' title='bbox 590 3349 772 3424; x_wconf 89' lang='lat' dir='ltr'><strong>reprehendit,</strong></span> <span class='ocrx_word' id='word_1_378' title='bbox 780 3353 834 3404; x_wconf 83' lang='lat' dir='ltr'><strong>sive</strong></span> <span class='ocrx_word' id='word_1_379' title='bbox 845 3349 1003 3421; x_wconf 86' lang='lat' dir='ltr'><strong>alludendo,</strong></span> <span class='ocrx_word' id='word_1_380' title='bbox 1014 3355 1068 3406; x_wconf 84' lang='lat' dir='ltr'><strong>sive</strong></span> <span class='ocrx_word' id='word_1_381' title='bbox 1079 3367 1187 3405; x_wconf 88' lang='lat' dir='ltr'><strong>truncas</strong></span> <span class='ocrx_word' id='word_1_382' title='bbox 1196 3349 1336 3405; x_wconf 90' lang='lat' dir='ltr'><strong>referendo</strong></span> 
     </span>
     <span class='ocr_line' id='line_1_38' title="bbox 285 3429 1337 3507; baseline 0 -25"><span class='ocrx_word' id='word_1_383' title='bbox 285 3443 376 3502; x_wconf 87' lang='lat' dir='ltr'><strong>partes</strong></span> <span class='ocrx_word' id='word_1_384' title='bbox 390 3449 528 3499; x_wconf 78' lang='lat' dir='ltr'><strong>ramnum,</strong></span> <span class='ocrx_word' id='word_1_385' title='bbox 544 3446 573 3485; x_wconf 87' lang='lat' dir='ltr'><strong>ut</strong></span> <span class='ocrx_word' id='word_1_386' title='bbox 583 3430 730 3504; x_wconf 74' lang='lat' dir='ltr'><strong>aequalibus</strong></span> <span class='ocrx_word' id='word_1_387' title='bbox 742 3444 845 3501; x_wconf 79' lang='lat' dir='ltr'><strong>gratum</strong></span> <span class='ocrx_word' id='word_1_388' title='bbox 857 3431 971 3485; x_wconf 87' lang='lat' dir='ltr'><strong>fortasse</strong></span> <span class='ocrx_word' id='word_1_389' title='bbox 982 3434 1091 3500; x_wconf 85' lang='lat' dir='ltr'><strong>fecerit,</strong></span> <span class='ocrx_word' id='word_1_390' title='bbox 1106 3435 1152 3507; x_wconf 88' lang='lat' dir='ltr'><strong>qni</strong></span> <span class='ocrx_word' id='word_1_391' title='bbox 1165 3451 1221 3486; x_wconf 83' lang='lat' dir='ltr'><strong>sem</strong></span> <span class='ocrx_word' id='word_1_392' title='bbox 1234 3430 1275 3484; x_wconf 82' lang='lat' dir='ltr'><strong>rel</strong></span> <span class='ocrx_word' id='word_1_393' title='bbox 1287 3429 1337 3482; x_wconf 89' lang='lat' dir='ltr'><strong>ob-</strong></span> 
     </span>
     <span class='ocr_line' id='line_1_39' title="bbox 285 3510 1336 3584; baseline 0 -22"><span class='ocrx_word' id='word_1_394' title='bbox 285 3529 390 3564; x_wconf 89' lang='lat' dir='ltr'><strong>scuram</strong></span> <span class='ocrx_word' id='word_1_395' title='bbox 403 3513 464 3564; x_wconf 90' lang='lat' dir='ltr'><strong>satis</strong></span> <span class='ocrx_word' id='word_1_396' title='bbox 476 3512 668 3583; x_wconf 71' lang='lat' dir='ltr'><strong>intelligerent,</strong></span> <span class='ocrx_word' id='word_1_397' title='bbox 680 3512 794 3582; x_wconf 88' lang='lat' dir='ltr'><strong>posteris</strong></span> <span class='ocrx_word' id='word_1_398' title='bbox 804 3530 868 3564; x_wconf 81' lang='lat' dir='ltr'><strong>vero</strong></span> <span class='ocrx_word' id='word_1_399' title='bbox 879 3515 1061 3566; x_wconf 76' lang='lat' dir='ltr'><strong>remotissimis</strong></span> <span class='ocrx_word' id='word_1_400' title='bbox 1072 3515 1210 3584; x_wconf 72' lang='lat' dir='ltr'><strong>enigmata</strong></span> <span class='ocrx_word' id='word_1_401' title='bbox 1221 3510 1336 3582; x_wconf 87' lang='lat' dir='ltr'><strong>relique·</strong></span> 
     </span>
     <span class='ocr_line' id='line_1_40' title="bbox 284 3588 1337 3664; baseline -0.001 -22"><span class='ocrx_word' id='word_1_402' title='bbox 284 3592 398 3663; x_wconf 78' lang='lat' dir='ltr'><strong>rit,qnse</strong></span> <span class='ocrx_word' id='word_1_403' title='bbox 407 3590 482 3644; x_wconf 89' lang='lat' dir='ltr'><strong>nulla</strong></span> <span class='ocrx_word' id='word_1_404' title='bbox 493 3593 556 3644; x_wconf 83' lang='lat' dir='ltr'><strong>setis</strong></span> <span class='ocrx_word' id='word_1_405' title='bbox 564 3588 697 3664; x_wconf 84' lang='lat' dir='ltr'><strong>probabili</strong></span> <span class='ocrx_word' id='word_1_406' title='bbox 705 3592 808 3643; x_wconf 86' lang='lat' dir='ltr'><strong>ratione</strong></span> <span class='ocrx_word' id='word_1_407' title='bbox 818 3593 991 3646; x_wconf 83' lang='lat' dir='ltr'><strong>resolvantur.</strong></span> <span class='ocrx_word' id='word_1_408' title='bbox 1001 3597 1029 3646; x_wconf 91' lang='lat' dir='ltr'><strong>ln</strong></span> <span class='ocrx_word' id='word_1_409' title='bbox 1036 3593 1093 3646; x_wconf 90' lang='lat' dir='ltr'><strong>hoc</strong></span> <span class='ocrx_word' id='word_1_410' title='bbox 1103 3593 1162 3645; x_wconf 91' lang='lat' dir='ltr'><strong>loco</strong></span> <span class='ocrx_word' id='word_1_411' title='bbox 1173 3589 1337 3642; x_wconf 80' lang='lat' dir='ltr'><strong>desudavere</strong></span> 
     </span>
     <span class='ocr_line' id='line_1_41' title="bbox 284 3669 1336 3746; baseline -0.002 -24"><span class='ocrx_word' id='word_1_412' title='bbox 284 3683 310 3722; x_wconf 90' lang='lat' dir='ltr'><strong>et</strong></span> <span class='ocrx_word' id='word_1_413' title='bbox 322 3669 433 3742; x_wconf 85' lang='lat' dir='ltr'><strong>loseph.</strong></span> <span class='ocrx_word' id='word_1_414' title='bbox 446 3671 571 3742; x_wconf 70' lang='lat' dir='ltr'><strong>Scaliger,</strong></span> <span class='ocrx_word' id='word_1_415' title='bbox 584 3684 610 3721; x_wconf 91' lang='lat' dir='ltr'><strong>et</strong></span> <span class='ocrx_word' id='word_1_416' title='bbox 620 3669 810 3737; x_wconf 86' lang='lat' dir='ltr'><strong>Casaubonus,</strong></span> <span class='ocrx_word' id='word_1_417' title='bbox 822 3685 848 3724; x_wconf 92' lang='lat' dir='ltr'><strong>et</strong></span> <span class='ocrx_word' id='word_1_418' title='bbox 861 3672 906 3724; x_wconf 91' lang='lat' dir='ltr'><strong>alii</strong></span> <span class='ocrx_word' id='word_1_419' title='bbox 918 3671 1067 3746; x_wconf 86' lang='lat' dir='ltr'><strong>complures</strong></span> <span class='ocrx_word' id='word_1_420' title='bbox 1076 3671 1245 3724; x_wconf 87' lang='lat' dir='ltr'><strong>eruditissimi</strong></span> <span class='ocrx_word' id='word_1_421' title='bbox 1257 3671 1336 3721; x_wconf 83' lang='lat' dir='ltr'><strong>inter·</strong></span> 
     </span>
     <span class='ocr_line' id='line_1_42' title="bbox 284 3749 1336 3822; baseline 0 -22"><span class='ocrx_word' id='word_1_422' title='bbox 284 3765 385 3822; x_wconf 87' lang='lat' dir='ltr'><strong>pretes;</strong></span> <span class='ocrx_word' id='word_1_423' title='bbox 398 3749 432 3802; x_wconf 88' lang='lat' dir='ltr'><strong>de</strong></span> <span class='ocrx_word' id='word_1_424' title='bbox 443 3749 496 3802; x_wconf 90' lang='lat' dir='ltr'><strong>hoc</strong></span> <span class='ocrx_word' id='word_1_425' title='bbox 508 3749 632 3803; x_wconf 82' lang='lat' dir='ltr'><strong>disseruit</strong></span> <span class='ocrx_word' id='word_1_426' title='bbox 644 3767 675 3798; x_wconf 77' lang='lat' dir='ltr'><strong>ex</strong></span> <span class='ocrx_word' id='word_1_427' title='bbox 684 3750 799 3822; x_wconf 81' lang='lat' dir='ltr'><strong>professo</strong></span> <span class='ocrx_word' id='word_1_428' title='bbox 811 3753 850 3803; x_wconf 86' lang='lat' dir='ltr'><strong>vir</strong></span> <span class='ocrx_word' id='word_1_429' title='bbox 861 3751 1029 3805; x_wconf 82' lang='lat' dir='ltr'><strong>doctissimus</strong></span> <span class='ocrx_word' id='word_1_430' title='bbox 1039 3752 1186 3815; x_wconf 79' lang='lat' dir='ltr'><strong>Meisterus,</strong></span> <span class='ocrx_word' id='word_1_431' title='bbox 1199 3751 1336 3820; x_wconf 84' lang='lat' dir='ltr'><strong>professor</strong></span> 
     </span>
     <span class='ocr_line' id='line_1_43' title="bbox 284 3827 1334 3901; baseline 0.002 -23"><span class='ocrx_word' id='word_1_432' title='bbox 284 3831 312 3880; x_wconf 91' lang='lat' dir='ltr'><strong>iu</strong></span> <span class='ocrx_word' id='word_1_433' title='bbox 323 3829 408 3886; x_wconf 69' lang='lat' dir='ltr'><strong>head,</strong></span> <span class='ocrx_word' id='word_1_434' title='bbox 421 3827 684 3898; x_wconf 84' lang='lat' dir='ltr'><strong>Viadrc-Trajectina</strong></span> <span class='ocrx_word' id='word_1_435' title='bbox 697 3829 789 3901; x_wconf 85' lang='lat' dir='ltr'><strong>(cujus</strong></span> <span class='ocrx_word' id='word_1_436' title='bbox 801 3829 992 3884; x_wconf 81' lang='lat' dir='ltr'><strong>dissertationis</strong></span> <span class='ocrx_word' id='word_1_437' title='bbox 1004 3831 1133 3882; x_wconf 86' lang='lat' dir='ltr'><strong>rationem</strong></span> <span class='ocrx_word' id='word_1_438' title='bbox 1144 3830 1173 3880; x_wconf 88' lang='lat' dir='ltr'><strong>iu</strong></span> <span class='ocrx_word' id='word_1_439' title='bbox 1184 3829 1334 3881; x_wconf 80' lang='lat' dir='ltr'><strong>Commeat.</strong></span> 
     </span>
     <span class='ocr_line' id='line_1_44' title="bbox 285 3906 1336 3982; baseline 0 -24"><span class='ocrx_word' id='word_1_440' title='bbox 285 3908 379 3960; x_wconf 91' lang='lat' dir='ltr'><strong>Societ.</strong></span> <span class='ocrx_word' id='word_1_441' title='bbox 396 3906 526 3978; x_wconf 71' lang='lat' dir='ltr'><strong>Philolop.</strong></span> <span class='ocrx_word' id='word_1_442' title='bbox 543 3908 684 3978; x_wconf 86' lang='lat' dir='ltr'><strong>Lipsiensis</strong></span> <span class='ocrx_word' id='word_1_443' title='bbox 703 3922 722 3962; x_wconf 93' lang='lat' dir='ltr'><strong>t.</strong></span> <span class='ocrx_word' id='word_1_444' title='bbox 738 3911 766 3977; x_wconf 94' lang='lat' dir='ltr'><strong>l,</strong></span> <span class='ocrx_word' id='word_1_445' title='bbox 782 3929 809 3981; x_wconf 94' lang='lat' dir='ltr'><strong>p.</strong></span> <span class='ocrx_word' id='word_1_446' title='bbox 827 3912 867 3978; x_wconf 91' lang='lat' dir='ltr'><strong>ll,</strong></span> <span class='ocrx_word' id='word_1_447' title='bbox 885 3929 947 3982; x_wconf 76' lang='lat' dir='ltr'><strong>pag.</strong></span> <span class='ocrx_word' id='word_1_448' title='bbox 968 3911 1015 3962; x_wconf 82' lang='lat'><strong>103</strong></span> <span class='ocrx_word' id='word_1_449' title='bbox 1030 3927 1088 3981; x_wconf 86' lang='lat' dir='ltr'><strong>sqq.</strong></span> <span class='ocrx_word' id='word_1_450' title='bbox 1102 3907 1155 3959; x_wconf 86' lang='lat' dir='ltr'><strong>vid.</strong></span> <span class='ocrx_word' id='word_1_451' title='bbox 1172 3907 1336 3981; x_wconf 84' lang='lat' dir='ltr'><strong>expositam)</strong></span> 
     </span>
     <span class='ocr_line' id='line_1_45' title="bbox 286 3983 1334 4058; baseline -0.005 -17"><span class='ocrx_word' id='word_1_452' title='bbox 286 4003 372 4056; x_wconf 76' lang='lat' dir='ltr'><strong>neque</strong></span> <span class='ocrx_word' id='word_1_453' title='bbox 392 3999 480 4038; x_wconf 83' lang='lat' dir='ltr'><strong>tamen</strong></span> <span class='ocrx_word' id='word_1_454' title='bbox 502 4005 533 4038; x_wconf 83' lang='lat' dir='ltr'><strong>ex</strong></span> <span class='ocrx_word' id='word_1_455' title='bbox 554 3983 595 4037; x_wconf 83' lang='lat' dir='ltr'><strong>his</strong></span> <span class='ocrx_word' id='word_1_456' title='bbox 617 3985 842 4058; x_wconf 75' lang='lat' dir='ltr'><strong>«lisputationibus</strong></span> <span class='ocrx_word' id='word_1_457' title='bbox 866 3990 911 4042; x_wconf 87' lang='lat' dir='ltr'><strong>lux</strong></span> <span class='ocrx_word' id='word_1_458' title='bbox 932 4000 990 4040; x_wconf 83' lang='lat' dir='ltr'><strong>orta</strong></span> <span class='ocrx_word' id='word_1_459' title='bbox 1012 4000 1061 4039; x_wconf 90' lang='lat' dir='ltr'><strong>est.</strong></span> <span class='ocrx_word' id='word_1_460' title='bbox 1088 3988 1334 4040; x_wconf 73' lang='lat' dir='ltr'><strong>commentatorum</strong></span> 
     </span>
     <span class='ocr_line' id='line_1_46' title="bbox 287 4065 1333 4137; baseline 0.003 -23"><span class='ocrx_word' id='word_1_461' title='bbox 287 4066 405 4118; x_wconf 86' lang='lat' dir='ltr'><strong>omniurn</strong></span> <span class='ocrx_word' id='word_1_462' title='bbox 421 4065 492 4116; x_wconf 87' lang='lat' dir='ltr'><strong>solus</strong></span> <span class='ocrx_word' id='word_1_463' title='bbox 505 4065 599 4137; x_wconf 72' lang='lat' dir='ltr'><strong>Koem&#39;p</strong></span> <span class='ocrx_word' id='word_1_464' title='bbox 615 4067 730 4133; x_wconf 75' lang='lat' dir='ltr'><strong>ingenue</strong></span> <span class='ocrx_word' id='word_1_465' title='bbox 744 4071 855 4134; x_wconf 80' lang='lat' dir='ltr'><strong>fatetur,</strong></span> <span class='ocrx_word' id='word_1_466' title='bbox 874 4086 901 4120; x_wconf 92' lang='lat' dir='ltr'><strong>se</strong></span> <span class='ocrx_word' id='word_1_467' title='bbox 920 4068 1021 4120; x_wconf 88' lang='lat' dir='ltr'><strong>nescire</strong></span> <span class='ocrx_word' id='word_1_468' title='bbox 1036 4085 1092 4136; x_wconf 79' lang='lat' dir='ltr'><strong>quae</strong></span> <span class='ocrx_word' id='word_1_469' title='bbox 1112 4068 1219 4121; x_wconf 86' lang='lat' dir='ltr'><strong>nesciat.</strong></span> <span class='ocrx_word' id='word_1_470' title='bbox 1243 4065 1333 4130; x_wconf 79' lang='lat' dir='ltr'><strong>Quum</strong></span> 
     </span>
    </p>
   </div>
   <div class='ocr_carea' id='block_1_8' title="bbox 0 0 1530 4854">
    <p class='ocr_par' dir='ltr' id='par_1_8' title="bbox 0 0 1530 4854">
     <span class='ocr_line' id='line_1_47' title="bbox 0 0 1530 4854; baseline 0 0"><span class='ocrx_word' id='word_1_471' title='bbox 0 0 1530 4854; x_wconf 95' lang='lat' dir='ltr'><strong> </strong></span> 
     </span>
    </p>
   </div>
  </div>
 </body>
</html>
