3056 4856
307 415 346 476 A.
371 412 529 477 PERSll
554 413 722 478 FLACCI
742 389 919 480 'SAT1RA
941 417 1134 484 TERTIA.
1185 419 1244 486 1¹05

200 539 291 602 Tum
303 536 457 628 queritur
468 558 602 603 crassus
614 536 744 605 calamo
755 538 848 632 quod
859 538 1006 632 pendeat
1016 537 1156 625 humor,

201 646 303 738 Nigra
314 642 407 738 quod
418 643 530 712 infusa
541 663 701 714 vanescat
712 651 805 742 sepia
815 646 972 742 lympha3

202 754 332 824 Dilutas
344 756 496 849 queritur
507 758 655 848 geminet
666 757 758 852 qnod
770 758 882 826 fistula
894 774 1018 851 guttas.
1130 751 1133 780 ¹

247 907 295 917 —
306 869 337 934 Ο
349 867 469 950 miser,
483 869 587 960 inque
599 866 670 935 dies
683 867 772 936 ultra
784 871 903 937 miser!
916 870 1061 938 huccine
1073 893 1186 938 rerum
1219 883 1248 934 15

202 981 386 1046 Venimus?
396 995 430 1045 at
444 1003 507 1047 cur
517 1001 589 1045 non
599 981 712 1072 potius
723 1033 731 1064 ‚
744 997 930 1076 teneroque
942 980 1119 1063 columbo,

204 1092 245 1158 Et
256 1087 374 1157 similis
386 1112 506 1182 regum
517 1091 812 1184 pueris,pappare
823 1095 995 1161 minutum

202 1202 333 1280 Poscis,
344 1215 379 1266 et
389 1202 494 1266 iratus
508 1222 666 1266 mammae
677 1199 794 1268 lallare
806 1205 964 1269 recusas?
973 1243 1019 1254 -

254 1340 267 1370 ιι
281 1315 332 1377 An
346 1309 404 1377 tali
415 1309 570 1378 studeam
581 1309 734 1378 calamo?
747 1340 761 1370 ι
775 1349 823 1362 -
834 1313 896 1378 Cui
909 1313 1032 1381 verba?
1043 1312 1126 1408 quid
1137 1317 1218 1381 istas

203 1421 352 1491 Succinis
363 1419 614 1512 amhngesffihi
625 1417 899 1488 luditur:effluis
911 1431 1047 1489 amens!
1220 1453 1253 1488 20

202 1535 435 1601 Contemnere.
448 1536 552 1601 Sonat
563 1535 683 1600 vitium
694 1556 872 1625 percussa,
884 1532 1030 1625 maligne

204 1644 397 1738 Respondet
407 1642 505 1713 viridi
517 1667 588 1711 non
600 1660 693 1712 cocta
706 1643 817 1712 fidelia
823 1644 920 1712 limo.

204 1753 1223 1848 Udumetmollelutumes,nuncnuncproperandus‚etacri

204 1865 655 1960 Fingendussinefinerota.
679 1865 744 1936 Sed
755 1891 835 1935 rure
846 1882 989 1958 paterno

204 1979 265 2044 Est
276 1976 336 2044 tibi
347 1975 400 2043 far
411 1975 602 2061 modicum,
615 1999 742 2071 purum
754 1993 789 2045 et
799 1980 872 2046 sine
883 1975 959 2046 labe
969 1977 1132 2064 salinum,
1221 1992 1253 2045 ι5

204 2161 283 2223 Ecce
297 2178 401 2225 autem
414 2165 554 2245 queritur
566 2165 615 2226 vel
629 2164 716 2247 quod
730 2179 938 2228 atramentum
951 2171 1045 2229 nimis
1058 2169 1188 2249 spissum
1203 2167 1255 2226 ad·

196 2257 319 2320 ‚haereat
330 2263 493 2338 arundini,
506 2261 554 2322 vel
570 2263 656 2344 quod
669 2264 763 2323 nimis
777 2284 858 2344 aqua
871 2265 1021 2339 dilutum,
1036 2263 1115 2324 nihil
1130 2264 1168 2323 ad
1184 2265 1255 2323 scii·
1344 2277 1346 2286 ¹

204 2357 343 2418 bendum
364 2358 529 2441 proficiat:
549 2381 654 2420 rursus
670 2361 812 2441 queritur
825 2361 910 2442 qnod
929 2381 996 2421 non
1014 2362 1086 2420 satis
1103 2358 1256 2420 adhaereat

206 2453 326 2514 calamo
341 2457 425 2536 sepia
437 2455 633 2538 duplicatque
651 2469 754 2537 guttas
771 2457 805 2514 in
818 2478 949 2540 papyro.
968 2481 982 2512 ιι
994 2459 1022 2516 Ο
1036 2457 1182 2517 miserum
1197 2458 1257 2535 (ait

204 2556 378 2636 pmceptor)
403 2554 607 2634 futurumque
634 2555 669 2612 in
697 2565 857 2636 posterum
884 2555 1092 2615 miseriorem!
1118 2555 1256 2615 Huccine

206 2651 392 2711 recidimus?
409 2653 494 2728 Quin
510 2665 565 2728 tu,
583 2649 673 2712 molli
688 2652 867 2713 columbulo
884 2653 932 2713 vel
948 2652 1059 2714 teneris
1077 2653 1256 2734 principum

207 2749 309 2828 pueris
323 2747 448 2823 similis,
463 2749 563 2831 poscis
575 2769 669 2830 papas
683 2749 892 2810 comminutas
910 2747 1025 2829 (cibum
1038 2747 1254 2831 puerulorum);

206 2858 260 2904 aut
275 2846 371 2906 iratus
383 2845 514 2920 nutrici,
529 2846 666 2906 naeniam
675 2843 739 2926 ejus
754 2846 915 2906 cantilena³
932 2844 1034 2926 (lullo)
1050 2843 1161 2906 referre
1170 2867 1256 2906 aver-

206 2943 330 3003 sarisin
347 2967 386 2988 ⁶-
403 2968 417 2999 ιι
427 2944 475 3003 An
491 2963 565 3003 vero
584 2941 686 3024 studia
704 2964 851 3025 exsequar
869 2945 926 3004 isto
946 2943 1027 3003 male
1049 2955 1154 3025 aptato
1178 2942 1256 3002 cala-

207 3040 305 3100 moin
321 3075 360 3086 —
377 3067 392 3097 ιι
402 3043 460 3102 Cui
474 3041 592 3101 darete
606 3041 698 3102 verba
713 3040 824 3123 putas?
841 3041 917 3122 quid
932 3042 1003 3100 istas
1017 3042 1147 3101 succinis
1161 3061 1256 3100 vanas

206 3139 436 3200 excusationes?
456 3141 527 3200 Tibi
547 3142 608 3222 ipsi
626 3139 718 3201 ludus
737 3141 791 3200 iste
810 3139 893 3200 malo
913 3140 1027 3200 vertit:
1051 3141 1175 3214 insane,
1198 3139 1254 3198 tibi

207 3237 271 3296 vita
293 3236 426 3296 mollitie
448 3235 548 3297 fluens
570 3236 737 3297 dilabitur!
762 3238 821 3296 eris
840 3237 908 3296 aliis
929 3238 1133 3319 contemptui.
1161 3238 1257 3297 Sonat

143 3317 150 3328 ⁴
206 3334 292 3393 enim
312 3334 408 3394 animi
430 3335 562 3410 vitium,
582 3355 618 3394 ac
635 3335 876 3417 deprehenditur
893 3333 1055 3396 hominem
1073 3335 1255 3408 aestimanti3
1274 3339 1276 3342 ’

208 3430 473 3510 quemadmodum
487 3451 555 3506 vas,
570 3431 596 3490 si
609 3430 702 3491 fuerit
715 3429 838 3506 fissum,
853 3445 907 3490 aut
920 3452 956 3491 ex
972 3429 1083 3513 argilla
1094 3431 1191 3491 cruda
1201 3431 1257 3491 du-

207 3540 291 3588 ctum
309 3551 410 3609 neque
427 3530 506 3589 bene
520 3543 623 3606 cocta,
638 3529 757 3589 malurn
771 3530 978 3611 gracilemque
992 3531 1195 3609 interroganti
1210 3529 1256 3589 di-

206 3625 273 3703 gito
295 3627 423 3686 remittit
440 3627 598 3686 tinnitum.
624 3629 721 3708 Atque
737 3627 815 3687 adeo
835 3641 886 3704 tu,
905 3626 1016 3706 argilla
1033 3624 1163 3684 humida
1182 3627 1256 3685 moi·

207 3717 319 3801 lisque,
329 3720 459 3803 jamjam
473 3721 637 3804 fingendus
648 3745 679 3784 es
691 3744 726 3784 ac
736 3726 803 3784 sine
814 3746 903 3785 mora
917 3721 1151 3794 informandus,
1166 3722 1255 3782 sicuti

208 3837 262 3876 vas
274 3819 359 3898 quod
373 3834 441 3878 rota
457 3835 644 3902 properante
663 3823 844 3883 instituitur.

249 3912 297 3988 nd.
318 3938 332 3968 ιι
344 3916 385 3974 At
397 3919 475 3975 enim
488 3921 547 3977 scio
561 3916 674 3978 habere
688 3931 717 3978 tc
731 3941 767 3980 ex
784 3941 859 4001 agro
878 3934 1008 4002 paterno
1027 3912 1173 3974 nonnihil
1192 3914 1254 3976 fru-

208 4011 321 4085 menti,
335 4023 365 4070 et
378 4011 494 4093 aliquid
510 4013 723 4095 supellectilis,
737 4015 854 4075 cultum
866 4033 977 4096 nempe
989 4033 1024 4071 ac
1036 4008 1169 4071 nitidum
1185 4013 1255 4070 saii-

209 4127 284 4168 nnm
303 4109 394 4189 (quid
410 4112 532 4187 timeas,
548 4111 613 4172 haec
627 4115 681 4194 qui
697 4111 847 4192 habeasi)
866 4114 1067 4195 patinamque
1082 4108 1254 4186 modicam,
