3052 4854
308 365 348 431 st
617 365 655 426 A.
682 361 837 426 PERSII
863 363 1031 428 FLAcct

303 492 464 563 Scribitur
474 495 509 559 in
522 491 653 558 citreis?
688 488 841 558 Gelidum
853 491 918 558 sois
928 514 1055 582 ponere
1067 516 1205 578 eumen,

303 607 371 671 Scis
384 603 540 670 comitem
551 596 765 667 horridulum
776 601 855 669 triu
864 598 992 670 donare
1003 601 1136 672 lacerna
1147 632 1154 671 :

301 721 358 797 Et,
372 737 504 792 verum,
515 713 646 805 inspuit,
658 733 753 792 amo;
766 734 887 780 verum
897 711 981 781 mihi
991 713 1092 784 dicite
1104 715 1146 784 de
1158 741 1224 786 me.
1316 731 1351 786 55

302 831 366 911 Qut
378 828 475 918 pote?
509 823 568 888 Vis
580 821 708 892 dicam
719 824 872 912 nugaris,
885 845 992 915 quum
1005 825 1080 910 tibi,
1093 825 1201 912 calve,

301 937 436 1027 Pinguis
448 931 658 1026 aqualiculus
668 954 840 1025 propenso
853 932 1052 1026 sesquipede
1064 943 1187 1006 exstet!

300 1050 576 1134 Olane,atergo
588 1065 690 1135 quom
700 1040 797 1116 nula
808 1044 936 1110 ciconia
946 1045 1068 1133 pinsit,

301 1163 369 1224 Nec
380 1177 501 1224 manus
513 1152 682 1227 auriculas
694 1155 824 1222 imitata
836 1169 887 1222 est
895 1153 1031 1226 mobilis
1043 1154 1152 1238 albas,

301 1274 368 1336 Nec
380 1267 519 1357 lingue,
532 1279 699 1357 quantum
709 1265 799 1330 sitiat
810 1267 902 1333 canis
916 1264 1063 1357 Appula,
1076 1277 1226 1338 tantum!
1312 1283 1348 1338 60

299 1385 383 1458 Vos,
396 1383 425 1446 Ο
437 1380 596 1470 patriciae
609 1377 761 1466 sanguis,
774 1399 859 1469 quos
870 1379 985 1447 vivere
994 1379 1047 1448 fea
1059 1396 1113 1448 oet

271 1555 275 1562 ,
298 1491 441 1581 Occipiti
452 1488 707 1580 cmoo,postioae
719 1489 883 1557 occurrite
896 1509 1022 1560 senate.

298 1602 382 1685 Quis
394 1598 511 1690 populi
522 1619 633 1666 sermo
646 1601 719 1666 est?
742 1600 825 1682 Quis
837 1601 945 1682 enim,
960 1601 1024 1668 nisi
1034 1602 1185 1672 carmina
1196 1601 1289 1672 molli

300 1714 398 1775 Nunc
409 1707 547 1776 demum
558 1729 702 1777 numero
714 1703 885 1788 fluere‚ut
895 1732 956 1800 per
968 1707 1051 1779 laeve
1063 1733 1197 1780 severos

300 1892 407 1950 cibum
420 1911 498 1970 segre
512 1887 702 1970 digerentes?
712 1890 823 1950 Nonne
833 1890 967 1974 denique
978 1893 1177 1974 ineptissimis
1188 1893 1348 1976 operibus,

300 1985 1350 2072 quercumquescribuntdivitesinlectulisecitrofactisrccubantes?

299 2083 427 2157 Scilicet,
442 2105 488 2144 vos
498 2083 597 2142 divites
606 2103 783 2163 precentor,
794 2086 956 2146 conducitis
965 2086 1108 2147 auditores
1121 2085 1347 2169 laudatoresque.

300 2184 363 2244 Vos
379 2179 428 2243 his
446 2179 637 2264 epulandum
657 2182 814 2264 apponitis
830 2181 1083 2244 delicatissimum
1099 2183 1295 2268 calidumque
1309 2185 1349 2245 ei-

297 2283 453 2356 ·bnm;vos
463 2281 609 2341 comitem
619 2277 736 2360 frigore
744 2279 924 2342 horrentem
932 2282 1013 2344 mala
1025 2281 1349 2363 quedamvestedona-

299 2380 347 2440 tis.
364 2379 463 2458 Atque
479 2375 545 2440 haec
564 2377 619 2456 qui
635 2372 709 2438 lecit
726 2388 862 2436 vestrum
881 2377 992 2462 aliquis
1010 2379 1110 2442 dicet:
1131 2381 1245 2440 Verum
1259 2399 1347 2454 amo,

299 2493 370 2534 vere
381 2474 471 2534 dicite
482 2473 576 2548 milri,
587 2472 664 2555 quid
674 2473 811 2534 sentiatis
821 2473 859 2535 de
870 2476 947 2536 meis
957 2476 1157 2539 carminibus.
1168 2479 1269 2557 Atqui
1280 2475 1347 2536 fieri

299 2582 413 2651 potest,
432 2584 466 2628 nt
478 2590 583 2630 verum
596 2571 655 2629 tibi
668 2571 772 2632 dicant
784 2570 941 2648 homines,
958 2575 1020 2633 tuis
1036 2575 1131 2654 empti
1147 2572 1350 2632 muneribus?

297 2668 395 2736 ,Visne
410 2666 511 2725 dicam
525 2679 583 2748 ego
599 2668 658 2726 tibi
677 2667 803 2728 verum?
823 2670 933 2729 Dicam
955 2670 1122 2749 equidem:
1145 2692 1164 2730 o
1183 2669 1348 2729 libidinoso

300 2775 330 2823 ct
344 2783 495 2844 nequam,
516 2777 551 2822 tu
569 2765 614 2840 vis
634 2764 741 2826 ludere
762 2765 917 2842 versibus,
938 2787 1009 2828 cum
1030 2767 1089 2826 tibi
1109 2778 1214 2826 venter
1236 2764 1348 2827 obesus

301 2863 476 2944 promineat
498 2857 562 2930 uno
585 2875 616 2920 et
638 2864 713 2921 semi
732 2861 809 2943 pede
829 2866 1009 2944 protentus!
1033 2862 1116 2927 Felix
1138 2859 1277 2943 profecto
1297 2865 1347 2924 la·

303 2978 360 3018 nus
384 2969 445 3030 est,
463 2957 518 3036 qui
536 2957 695 3036 geminum
713 2955 808 3017 habet
827 2955 962 3016 vultum!
983 2959 1080 3018 Nemo
1104 2959 1208 3039 potuit
1224 2956 1313 3018 illum
1330 2981 1348 3020 a

300 3069 387 3136 tergo
406 3052 576 3128 ludificari;
595 3075 688 3114 nemo
708 3053 796 3114 illum
816 3056 970 3116 insecutus
987 3070 1048 3133 est,
1067 3070 1120 3118 aut
1135 3057 1288 3118 ciconiam
1305 3079 1349 3119 re·

302 3163 486 3234 praesentans
504 3147 686 3214 tundentem
699 3162 799 3210 rostro
815 3164 846 3209 et
859 3148 1066 3226 vellicantem,
1084 3165 1138 3214 aut
1147 3154 1283 3218 asininas
1294 3175 1348 3216 au-

302 3271 348 3309 res
367 3245 504 3324 motibus
519 3268 671 3308 manuum
695 3249 849 3322 imitatus3
872 3269 965 3324 nemo
989 3251 1028 3312 ad
1052 3271 1123 3314 cum
1145 3250 1347 3312 deridendum

302 3349 418 3408 exeruit
426 3346 565 3430 linguam
576 3359 640 3406 tam
650 3344 862 3428 longe,quam
873 3349 977 3412 sitiens
986 3351 1070 3410 canis
1078 3351 1134 3412 sub
1144 3350 1208 3412 sole
1218 3349 1347 3432 Apulia.

301 3446 340 3506 At
358 3465 429 3520 vos,
448 3444 581 3504 Romani
602 3463 758 3526 proceres,
778 3445 890 3526 quibus
910 3466 976 3506 non
995 3447 1125 3528 contigit
1141 3445 1255 3508 habere
1272 3467 1348 3508 ocu-

300 3541 349 3600 los
370 3543 403 3601 in
427 3541 569 3624 occipite,
589 3540 658 3602 dete
674 3561 800 3624 operam
823 3564 862 3604 ne
884 3564 903 3604 a
922 3555 1008 3626 tergo
1028 3543 1217 3605 irrideamini
1238 3544 1277 3604 ab
1299 3565 1348 3604 as·

303 3640 519 3700 sentatoribus.
539 3642 589 3700 Sic
605 3661 652 3700 vos
667 3661 714 3704 eos
730 3643 933 3725 interroqotis:
951 3644 1019 3724 quis
1036 3655 1080 3704 cst
1098 3642 1136 3704 de
1154 3642 1350 3704 meremor?

304 3739 379 3822 quid
405 3739 480 3799 dicit
503 3738 638 3822 populus
662 3739 701 3800 de
733 3741 808 3801 meis
838 3740 1048 3810 carminibus?
1073 3745 1125 3802 Isti
1144 3763 1209 3804 vero
1228 3762 1348 3824 respon-

302 3837 392 3898 dent:
410 3839 577 3898 Enimvero
596 3837 670 3920 quid
690 3838 776 3902 aliud
795 3853 895 3922 potest
913 3841 1048 3925 populus
1062 3840 1176 3918 dicere,
1201 3842 1261 3902 nisi
1279 3861 1347 3900 eam

270 3955 273 3962 ·
301 3953 367 3997 esse
395 3935 568 3996 carminum
595 3955 704 3996 eorum
734 3938 993 4013 concinnitatem,
1016 3960 1110 4019 quam
1131 3960 1224 4000 nemo
1246 3935 1348 4000 adhuc

301 4034 396 4101 fuerit
413 4045 579 4109 assecutus,
599 4046 629 4096 et
648 4034 691 4096 ita
709 4032 797 4116 justis
815 4037 951 4098 numeris
970 4059 1072 4100 versus
1092 4059 1144 4101 eos
1167 4037 1346 4108 decurrere,
