3052 4854
286 379 328 443 26
465 378 621 442 VARIAE
642 378 916 443 LECTIONES
937 379 1000 444 ET
1019 381 1155 448 NOTAE
1225 437 1234 455 t

283 492 381 544 ducere
396 511 427 544 ex
440 491 549 564 quibus,
565 491 657 564 quales
671 493 736 556 sint,
749 493 848 542 nemini
861 493 1026 544 innotescere
1036 499 1134 566 possit3
1147 497 1193 550 sed
1203 502 1291 569 potius
1303 503 1333 554 iis

282 571 416 624 interdurn
424 575 500 648 justo
510 571 610 622 diutius
621 569 763 636 mucrore,
775 587 824 620 nec
836 573 1023 626 minutissimas
1034 575 1142 644 quidem
1153 589 1241 646 partes
1250 579 1334 650 negti.

282 670 359 720 gere,
374 666 403 703 nt
418 665 509 703 omnes
525 652 614 702 faeere
632 649 733 716 solent,
751 651 796 722 qui
813 650 936 704 ubertate
951 653 1049 723 ingenii
1067 653 1252 710 destituuntur.
1271 663 1332 714 Haec

281 751 346 786 sane
358 746 418 786 sunt
431 752 489 806 quc
502 735 681 804 suspicionem
696 731 818 785 hiatuum
833 732 970 803 praebeant
989 753 1097 788 necesse
1115 752 1166 802 est;
1185 744 1230 811 qui
1245 741 1332 797 hiatus

281 827 387 886 postea,
401 813 533 866 interdurn
547 832 603 866 non
615 816 677 866 eatis
689 813 800 866 feliciter
813 817 935 880 consuti,-
946 835 1023 886 rugas
1032 821 1130 888 passim
1143 832 1169 870 et
1178 819 1260 892 plicas
1272 823 1333 875 reli-

281 907 411 966 querunt,
424 895 521 966 quibus
538 915 609 947 nunc
623 894 730 967 quidem
743 888 937 948 offendimur.»
957 895 1026 949 Edit.
1042 900 1146 968 Koenig.
1164 918 1191 971 p.
1206 901 1248 953 38.
1267 903 1330 956 Not.

280 974 314 1027 ad
325 996 350 1027 r.
362 992 425 1044 107,
436 977 499 1043 134,
512 978 589 1047 prim.
601 990 649 1029 sat.
663 1005 699 1016 ·-
708 979 766 1028 Hoc
776 989 933 1046 argumento
942 980 1108 1048 potissimum
1121 979 1165 1031 ilia
1175 982 1333 1054 nitituropi·

279 1055 339 1120 nio,
352 1052 425 1126 quod
439 1052 596 1106 deliberatio
606 1053 640 1107 tle
651 1051 783 1106 amibondi
794 1058 951 1108 necesitate
959 1057 1034 1108 initio
1043 1059 1131 1129 operia
1139 1060 1257 1112 instituta
1270 1061 1332 1112 sub·

280 1151 333 1204 que
345 1132 426 1186 finem
439 1153 591 1200 recurrens,
605 1136 632 1186 iu
646 1132 734 1186 medio
746 1133 866 1186 videatur
878 1136 1025 1190 intermissa
1039 1151 1085 1188 aut
1097 1140 1205 1189 omnino
1218 1139 1329 1192 sublata.

279 1211 315 1263 At
322 1230 384 1264 vero
394 1231 449 1264 non
460 1215 635 1267 intermissam
648 1214 730 1266 fnisse
741 1227 832 1284 aperte
842 1213 978 1268 declarant
988 1233 1055 1267 vers.
1069 1218 1102 1284 24
1113 1229 1138 1268 et
1148 1230 1287 1288 sequentes
1298 1219 1331 1270 ad

279 1291 329 1356 30,
343 1294 370 1343 in
384 1293 480 1364 quibus
493 1292 594 1364 dialogi
609 1295 679 1345 vices
696 1295 855 1356 muniiestoe3
870 1305 897 1346 et
907 1313 975 1346 vers.
989 1294 1037 1360 4ο,
1053 1296 1101 1363 44,
1117 1297 1164 1366 49,
1179 1297 1227 1361 84,
1245 1311 1274 1348 er
1289 1297 1332 1348 alii

279 1371 446 1442 complures,
464 1376 491 1425 in
509 1375 607 1448 quibus
622 1373 736 1427 redeunt
748 1373 798 1426 illc
814 1375 949 1426 sententiae
962 1376 989 1426 in
1005 1377 1136 1446 principio
1149 1389 1174 1426 et
1190 1376 1238 1428 sult
1253 1377 1331 1429 finem

280 1455 368 1524 operis
382 1455 492 1524 igitete.
508 1455 589 1507 itaut
603 1465 730 1528 appareat
744 1461 890 1527 pestutum
909 1457 1016 1508 satiram
1036 1458 1185 1508 continuari
1204 1457 1332 1510 delibera-

279 1533 394 1598 tionem,
406 1531 487 1587 ruodo
501 1536 667 1608 frequentem
678 1534 778 1606 dialogi
791 1536 892 1588 viribus
906 1535 1030 1600 alternis,
1044 1553 1125 1607 quum
1140 1537 1229 1590 Persio
1239 1555 1331 1590 rocem

278 1609 443 1682 praeludere
453 1622 567 1667 conatui
576 1614 755 1681 adversarius,
769 1614 850 1666 modo
860 1616 931 1666 vires
942 1614 1056 1667 alternas
1062 1617 1117 1684 jani
1127 1633 1182 1666 uon
1193 1617 1333 1669 admitten-

280 1705 348 1757 tem,
363 1708 445 1765 quum
455 1705 606 1748 termonem
617 1699 693 1768 qussi
702 1713 779 1748 suum
789 1696 854 1747 iecit
862 1697 966 1748 Persius
976 1697 1106 1768 propositi
1118 1709 1194 1749 tener
1205 1711 1231 1748 et
1238 1702 1330 1750 victor.

280 1772 361 1840 Quod
374 1773 480 1848 quidem
499 1790 525 1829 et
544 1779 602 1849 ipae
621 1789 716 1830 auctor
734 1776 860 1828 lectorem
879 1778 1010 1828 monitum
1027 1775 1142 1831 voluisse
1158 1776 1274 1845 ridetur,
1287 1781 1332 1850 qui

279 1852 386 1923 scripsit
396 1863 487 1907 versus
500 1849 535 1924 4ο
546 1869 572 1908 et
585 1857 635 1926 44,
649 1856 745 1928 qulbus
757 1871 807 1907 nos
819 1853 899 1906 docet
909 1873 937 1906 se
949 1855 1036 1926 ipsunt
1047 1859 1117 1908 vices
1131 1873 1207 1928 agore
1220 1860 1334 1908 monito·

279 1932 314 1983 rit
326 1943 353 1983 et
365 1949 434 1986 snas.
447 1935 576 1987 Ceterum
588 1934 745 1988 deliberatio
758 1935 819 2000 iiia,
836 1947 865 1985 ut
877 1937 934 2005 ipse
947 1934 1079 1988 interdurn
1092 1937 1159 1988 ioret
1171 1939 1333 2001 intermissa,

279 2025 334 2061 non
349 2010 410 2063 ideo
425 2015 552 2065 omissum
566 2014 763 2083 confusumque
776 2013 846 2064 foret
862 2025 1054 2082 argumentum.
1076 2017 1169 2086 Neque
1188 2019 1257 2068 euim
1275 2019 1332 2088 ipsa

280 2105 465 2159 argumentum
479 2107 532 2159 est,
545 2096 584 2145 uti
595 2093 686 2165 piures
698 2093 767 2144 falso
779 2105 889 2145 censent
902 2095 1072 2163 interpretes,
1087 2095 1134 2147 sed
1150 2096 1241 2148 induta
1253 2110 1333 2165 argu-

280 2185 371 2224 mento
380 2175 465 2228 forma
476 2175 610 2240 callidior,
619 2191 699 2244 quam
708 2176 813 2226 Persius
823 2191 894 2226 nunc
905 2173 1026 2240 adhibet,
1034 2193 1105 2227 nnnc
1114 2177 1204 2246 ponit,
1215 2191 1263 2246 pro
1273 2193 1334 2247 ope·

280 2253 315 2305 ris
327 2258 499 2321 necessitate;
516 2266 595 2329 quam
607 2253 740 2308 iuvenalis
753 2257 780 2306 in
791 2257 876 2326 prima
888 2256 1041 2325 usurparit,
1058 2268 1191 2326 quamque
1203 2257 1334 2308 recentio-

279 2348 338 2384 mm
356 2338 522 2388 satiricorum
540 2333 663 2387 nonnulli
679 2333 837 2385 retulerunt.
852 2354 888 2374 a·
903 2333 1021 2385 Atesim
1039 2345 1133 2385 manca
1149 2333 1283 2387 sedebilis
1299 2345 1335 2386 est

281 2425 365 2464 turrim
377 2416 511 2487 expositio.
521 2415 645 2480 Minime,
657 2413 711 2464 sire
723 2411 758 2464 sd
769 2413 857 2483 operis
869 2429 1020 2465 mensurant
1031 2425 1148 2483 spectes,
1161 2426 1220 2484 quae
1231 2427 1335 2464 nonest

280 2505 434 2545 ceterarum
447 2497 528 2548 Persii
538 2492 678 2546 satirarum
688 2505 818 2544 mensure
828 2491 932 2562 dispar,
947 2494 1001 2543 sive
1012 2493 1101 2562 potius
1114 2490 1242 2562 suipsius
1254 2503 1334 2544 mate·

280 2572 324 2620 ria
338 2583 473 2636 naturam,
488 2576 564 2642 cnjus
577 2571 650 2624 neila
659 2586 722 2642 pars
733 2573 829 2623 omissa
840 2572 923 2623 inisse
936 2570 1048 2634 videtur,
1061 2569 1142 2621 modo
1155 2569 1190 2621 od
1201 2585 1254 2621 retu
1268 2584 1334 2620 con-

280 2649 370 2700 ferret.
379 2651 467 2717 Quam
476 2651 560 2704 multa
569 2656 639 2704 euim
650 2647 791 2722 equalium
801 2649 828 2700 in
836 2649 931 2701 litteris
940 2654 1002 2702 ritis
1012 2652 1105 2720 paucis
1111 2649 1231 2701 versibus
1243 2665 1335 2700 conse·

281 2741 367 2781 rtatus
375 2734 429 2782 est!
444 2735 615 2804 scripturiret
627 2733 713 2782 inanis
723 2729 810 2782 laudis
821 2729 922 2794 studia,
933 2731 1103 2780 recitationes
1112 2725 1193 2778 modo
1203 2728 1275 2797 apud
1284 2745 1334 2798 po-

281 2807 374 2879 pulum
381 2843 389 2874 ,
397 2809 479 2862 modo
486 2813 513 2862 in
520 2812 673 2883 principum
681 2810 809 2861 conviviis
816 2805 1091 2872 habitas,conductot
1098 2807 1184 2875 pretio
1191 2805 1335 2873 auditores,

282 2892 386 2960 ineptas
399 2889 586 2945 admirationes
598 2890 820 2960 adulationesque
831 2885 986 2958 pudendas,
1000 2883 1258 2938 adolescentulorum
1270 2886 1338 2938 litte-

235 2984 238 2998 ·
281 2967 364 3020 rar-iss
373 2966 545 3038 ambitiones,
553 2967 649 3021 stolida
660 2979 765 3039 patrum
776 2966 994 3034 magistratumve
1003 2961 1119 3033 judicia,
1131 2964 1253 3014 msauum
1262 2979 1336 3016 retu·

283 3050 357 3101 statis
370 3061 415 3100 sut
426 3043 550 3101 novitatis
562 3058 693 3112 amorem,
708 3047 837 3098 oratorias
849 3043 901 3094 iori
915 3044 1042 3114 ineptias,
1056 3056 1169 3112 poeseos
1181 3042 1298 3115 denique
1310 3055 1337 3096 et

282 3129 378 3199 linguas
393 3129 581 3200 corruptelam.
596 3123 718 3180 Doceen't
729 3141 808 3197 quam
818 3126 987 3174 intractatum
996 3120 1133 3192 reliquerit
1148 3124 1249 3174 Persius
1261 3141 1336 3193 argu·

284 3209 365 3260 menti
375 3222 492 3280 purtem,
505 3212 550 3281 qui
561 3207 689 3259 damnent
697 3207 865 3276 jejunitatem
877 3204 975 3273 operis.
988 3228 1024 3240 -
1035 3201 1069 3252 At
1082 3202 1152 3251 anim
1163 3217 1267 3266 rursus,
1278 3202 1337 3252 duri

283 3299 357 3355 sent,
367 3290 471 3361 sumpti
481 3290 615 3353 transitus,
626 3293 652 3337 et
662 3287 737 3337 itant
746 3295 831 3355 porres
841 3285 932 3354 operis.
943 3281 1025 3350 Quod
1038 3283 1058 3333 si
1071 3293 1113 3334 res
1124 3283 1159 3332 its
1172 3296 1200 3332 so
1211 3281 1336 3348 haberet,

284 3382 339 3420 non
348 3379 416 3421 esset
425 3367 580 3422 admiranda
590 3371 616 3419 in
626 3377 720 3439 poeta,
736 3367 872 3428 interere,
885 3366 912 3414 in
922 3365 1011 3414 Persio
1021 3362 1156 3433 inprimis,
1165 3363 1210 3434 qui
1217 3364 1267 3413 init
1277 3359 1336 3413 bre-

284 3449 371 3500 vitatis
386 3447 544 3515 studiosior,
559 3462 638 3518 quam
650 3445 845 3497 transitionum.
863 3443 1098 3496 verumenimvero
1109 3441 1195 3492 rarius
1206 3451 1337 3510 corruptas

284 3524 438 3578 litterature
450 3528 592 3598 imagines,
605 3539 671 3596 qaas
684 3525 791 3576 Persius
803 3519 983 3587 adumbrarit,
995 3536 1083 3592 neque
1095 3520 1260 3571 conduentes
1272 3518 1337 3570 siies

287 3622 319 3658 ex
330 3605 388 3659 aliis
402 3608 549 3679 procedere
564 3620 673 3658 neeesse
688 3605 753 3670 iuis,
767 3618 855 3674 neque
867 3615 955 3654 tamen
967 3599 1091 3672 disjectas
1103 3612 1200 3652 temere
1217 3597 1336 3671 copulari

286 3685 421 3740 decuerat.
434 3689 493 3741 Hoc
503 3691 592 3760 ipsum
604 3683 733 3740 intellexit
745 3696 839 3735 metor
850 3684 1051 3754 composiu'onis
1059 3679 1184 3752 didgeut,
1197 3681 1337 3753 quiveritis

286 3769 325 3819 rei
336 3780 439 3839 partes,
452 3771 557 3821 satirica
569 3765 614 3818 illa
624 3763 816 3818 deliberatione
828 3763 862 3815 al>
871 3765 946 3814 initio
959 3761 993 3814 sd
1004 3763 1085 3814 duem
1095 3761 1183 3832 operis
1194 3759 1336 3832 perducta,

285 3845 416 3916 recolligit
432 3849 459 3898 in
473 3861 556 3898 unum
572 3859 599 3898 st
613 3844 806 3917 complectitur.
828 3841 900 3910 Quid
915 3841 1011 3913 plura?
1028 3841 1109 3894 sentit
1123 3853 1149 3891 et
1166 3840 1224 3912 ipse
1241 3838 1337 3910 Krenig

286 3927 423 3995 proiecto,
439 3928 526 3979 minus
535 3925 634 3978 hebere
642 3925 769 3998 ponderis
779 3925 951 3988 seutentiam,
965 3937 1022 3994 que
1033 3921 1112 3973 nullis
1123 3920 1251 3973 imitatur
1262 3915 1337 3969 nodi·

288 4019 349 4056 cant
361 4010 530 4080 antiquorum
539 4007 656 4071 indictist
667 4007 781 4079 ideoque
788 4005 959 4079 suspitionem
967 4005 1079 4056 rotavit.

324 4085 385 4136 fluo
395 4103 444 4156 ego
454 4088 628 4159 peuloiusius
636 4087 781 4162 disputati,
793 4086 827 4141 sd
836 4083 1026 4138 vindicandum
1036 4083 1070 4136 ab
1080 4083 1176 4154 injuria
1186 4089 1336 4136 auctorent
