3052 4854
463 397 747 462 INSATIRAM
770 399 983 466 PtthAM:
1196 409 1235 477 51

194 537 269 578 tenta
278 527 313 580 sit
322 528 379 596 ejus
391 524 444 576 loci
454 524 616 590 obscuritas,
627 537 702 576 tanta
711 523 745 577 de
755 524 914 578 lectionibus
926 535 1075 600 contentio,
1087 548 1142 589 tant
1153 541 1242 596 multae

195 603 230 657 ds
239 623 318 658 sensu
328 604 537 676 disputationes,
550 605 682 676 sapienter
691 622 741 677 ego
751 623 793 658 me
802 607 934 674 facturum
943 609 1025 662 fuisse
1036 619 1141 683 putavi,
1153 622 1175 670 si
1186 640 1242 674 ver.

196 701 241 736 sus
251 684 301 754 93,
310 686 360 754 9⁴,
369 683 416 755 95,
427 685 455 735 in
465 701 525 736 meo
535 697 607 735 textu
617 682 731 754 legerem
742 703 796 757 quo
804 685 884 736 modo
894 686 1086 757 probatissimis
1097 694 1243 756 editoribus

196 760 334 832 leguntur,
353 763 513 836 eosdemque
526 765 554 814 in
568 765 784 834 interpretatione
798 767 885 816 textui
894 764 1015 836 subjecta
1030 787 1157 841 ponerem
1174 779 1244 834 inte-

196 857 273 910 gros,
287 863 374 916 neque
387 844 444 915 ipse
456 845 651 914 interpretarer.
665 844 769 894 Etenim
783 845 908 914 quoniam
920 844 953 896 de
966 842 1092 900 hocloco
1104 852 1169 906 nihil
1182 862 1244 914 satis

197 936 317 991 constat,
326 941 413 995 neque
424 920 497 974 aliud
504 920 650 993 quidquam
659 920 787 976 habemus
794 923 951 996 interpretes
959 943 1038 996 quum
1049 926 1245 1001 disquisitiones

198 1015 224 1054 et
237 1005 418 1074 conjecturas,
430 1001 486 1054 lanc
498 1003 588 1052 omnia
599 999 664 1052 mihi
673 1003 791 1056 veritatis
802 1001 923 1058 studione
938 1018 964 1057 et
975 1004 1102 1061 lectorem
1116 1021 1246 1072 reverenti

198 1079 317 1136 adnotes
329 1081 510 1136 transferenda
521 1082 638 1134 fuerunt.
968 1095 971 1102 ’

229 1242 290 1289 Vna.
306 1256 346 1304 9²·
360 1241 406 1290 Sed
413 1243 513 1289 numid
522 1241 590 1286 decor
597 1249 633 1286 cst
641 1249 666 1288 ct
670 1243 782 1306 jamtum
790 1241 868 1288 additu
876 1245 962 1290 crsdr's.
972 1269 1003 1282 —-
1012 1247 1109 1310 Legitur
1118 1267 1213 1318 quoque
1222 1257 1247 1304 in

197 1314 360 1376 mnmcriptis
374 1311 449 1360 Codd.
464 1311 502 1357 hic
516 1325 596 1358 versus
608 1311 634 1355 in
647 1308 710 1356 hunc
723 1310 838 1358 modum
854 1313 901 1359 Sed
912 1317 1013 1362 nummis
1025 1317 1095 1366 decor
1105 1326 1248 1386 sejunctum

198 1389 232 1430 e„
244 1385 321 1430 ,dm-,a
335 1383 419 1430 Μὴ,
432 1383 489 1443 Quae
504 1381 602 1427 varietas
615 1379 695 1442 capilli
710 1382 816 1428 interest.
831 1407 864 1419 -
876 1383 953 1431 Potest
968 1384 1006 1431 hic
1022 1403 1101 1437 sersus
1115 1407 1183 1457 equo
1193 1397 1249 1458 jure

198 1453 271 1526 tribui
280 1463 321 1499 sut
332 1451 456 1507 monitori,
471 1449 512 1514 qui
526 1449 638 1495 delendas
649 1449 674 1493 in
685 1446 731 1494 hcc
743 1448 844 1512 aequales
850 1484 857 1506 ,
870 1451 935 1514 quod
946 1452 1027 1501 saltem
1037 1471 1143 1510 veterum
1153 1465 1178 1509 in
1189 1482 1249 1529 pau·

198 1523 280 1584 ,endis
289 1521 430 1570 carminibus
439 1521 571 1567 barbariem
580 1519 699 1576 exuerint,
707 1529 748 1564 aut
755 1521 800 1582 ipsi
807 1521 896 1579 Persio,
906 1524 947 1586 qui
956 1539 1009 1571 suas
1017 1528 1144 1591 equalibus
1150 1535 1251 1598 ineptias

198 1595 287 1640 {mnia
299 1591 435 1656 pandetur.
448 1593 553 1639 Priorem
564 1605 619 1638 cum
631 1589 751 1654 plerisque
761 1589 890 1640 editoribus
900 1593 1025 1643 lectionem
1035 1601 1139 1662 pretuli,
1152 1621 1204 1669 qua
1214 1623 1251 1655 re-

199 1665 273 1712 stitnit
284 1663 375 1726 Dialogi
389 1665 465 1720 vicen
478 1663 561 1710 sedita
572 1661 678 1727 praetuli,
690 1674 718 1709 ut
728 1663 870 1726 insequenti
881 1681 950 1714 versu
960 1683 1066 1717 recurrat
1076 1673 1166 1722 iromca
1177 1680 1250 1727 Persii

198 1737 328 1800 responsio.

234 1838 302 1889 Nor.
321 1855 364 1908 9²·
377 1836 430 1890 Sed
436 1833 551 1888 numeris
561 1835 637 1886 decor
645 1843 683 1886 est
690 1843 716 1887 et
719 1837 849 1906 junctura
861 1833 952 1889 addita
964 1838 1057 1892 erudis.
1067 1870 1103 1881 -
1111 1845 1250 1913 ilumeris,-

198 1914 251 1970 hoc
263 1915 345 1968 verbo
355 1935 424 1988 sepe
434 1917 530 1988 saepius
541 1932 589 1986 per
598 1913 773 1966 catachresim
785 1927 898 1968 utuntur
907 1929 1005 1988 poete,
1019 1937 1072 1990 qno
1084 1940 1175 1978 versus
1187 1946 1249 1983 suos

200 1996 355 2068 designent,
367 1996 517 2067 Nosterque
528 1997 584 2065 jam
593 1995 669 2046 initio
681 1993 763 2065 hujus
774 1995 859 2047 satirae
872 1995 900 2047 in
911 1995 984 2050 hunc
996 1999 1105 2054 modum
1120 2023 1185 2060 usus
1198 2023 1252 2077 est,

200 2075 234 2130 ad
250 2095 317 2130 vers,
340 2076 381 2128 13.
391 2076 532 2136 -Decor,·
549 2072 578 2125 id
590 2073 663 2145 quod
678 2073 771 2140 decet,
783 2087 921 2142 venustas,
937 2083 1251 2156 ornatus—Junetura,

199 2159 344 2232 perpolitio
353 2157 422 2212 bene
431 2171 630 2229 compactarum
640 2158 708 2208 inter
718 2174 746 2209 se
756 2159 871 2228 partium
880 2179 887 2220 ς
901 2175 933 2210 eo
944 2161 1014 2212 enim
1025 2179 1104 2217 sensu
1113 2184 1164 2218 vox
1174 2188 1250 2223 usur·

199 2253 280 2311 pam,
288 2238 354 2291 adv,
362 2236 397 2291 65
407 2235 526 2307 ejusdem
536 2234 648 2304 hujusce
659 2237 752 2286 satira.
762 2234 874 2301 Quintil.
886 2237 927 2300 X,
938 2236 968 2301 4:
981 2240 1030 2290 «ln
1038 2243 1111 2292 omni
1121 2250 1252 2317 composi·

201 2323 273 2374 sione
280 2321 330 2372 trie
337 2331 399 2372 sunt
406 2316 571 2382 necessaris,
579 2313 659 2379 ordo,
662 2315 805 2384 junctura,
814 2331 965 2366 numerio.»
976 2317 1251 2393 compositionem,h.

201 2400 219 2454 l.
231 2399 404 2470 Quintiliani,
415 2393 654 2468 sccipcdererbis,
666 2409 722 2443 non
729 2392 763 2444 de
771 2393 852 2445 totius
861 2394 949 2462 operis
956 2397 1077 2465 partibus
1087 2400 1251 2461 collocandis

202 2493 230 2534 et
238 2477 441 2540 connectendis;
455 2476 483 2528 id
496 2477 565 2527 enim
575 2473 714 2546 dispositio
725 2486 849 2539 vocatm,
859 2492 914 2525 non
924 2480 1091 2550 compositio.
1103 2483 1142 2536 lta
1152 2498 1181 2537 ut
1189 2489 1252 2554 iun-

202 2573 276 2614 ctura
286 2558 407 2612 videatur
420 2558 501 2609 fuisse
515 2573 558 2607 ars
573 2552 723 2606 collocandi
734 2565 761 2605 et
773 2552 913 2605 ordinandi
921 2555 1014 2623 verba,
1024 2572 1053 2611 nt
1067 2565 1173 2616 suavior
1186 2567 1253 2622 fluat

202 2640 296 2692 oratio.
311 2669 347 2678 —
360 2635 419 2688 dlis
435 2635 537 2687 ratione
553 2631 676 2685 nonnulli
692 2633 850 2703 interpretes
861 2637 1016 2706 juncturam
1029 2637 1253 2714 interpretantur;

202 2718 323 2771 eamdem
335 2716 405 2770 enim
416 2713 469 2767 ltoc
481 2712 542 2766 loco
554 2713 607 2764 vim
622 2710 743 2764 obtinere
757 2725 854 2783 putant
868 2713 995 2782 verbum,
1009 2734 1041 2769 ac
1054 2737 1106 2772 vox
1119 2722 1252 2792 clausula;

202 2798 270 2852 etad
280 2817 324 2851 eas
331 2795 595 2850 clausuldsrersuum
605 2792 739 2858 referunt,
750 2810 808 2864 quse
815 2794 884 2845 infra
891 2810 1086 2852 mmmmm
1097 2800 1178 2870 ‘4²5⁵’
1188 2805 1254 2859 Del·

200 2878 275 2952 phis,-
289 2895 401 2950 qumque
412 2893 504 2928 versus
515 2875 585 2925 inter
597 2891 639 2940 se,
650 2873 769 2944 priorem
779 2889 841 2925 cum
852 2872 950 2941 sltcro,
958 2877 1083 2950 junqunt.
1096 2911 1133 2922 -
1146 2885 1252 2950 Credis,-

202 2975 217 3009 a
227 2957 293 3010 cibis
303 2957 414 3009 incoctis
425 2968 451 3008 et
460 2953 607 3006 immaturis
618 2952 741 3023 frugibus
748 2965 893 3022 sumptum·
909 2954 1006 3008 Cmdvs
1017 2975 1137 3013 numeros
1148 2981 1193 3016 00⁸
1208 2967 1252 3020 ln·

187 3075 190 3080 ,
202 3037 292 3109 ,011130
299 3076 308 3104 ‚
319 3039 365 3110 qui
379 3054 433 3088 non
444 3036 506 3088 satis
518 3031 627 3104 expoliti
636 3045 712 3098 sunt,
724 3033 752 3084 in
763 3031 860 3104 quibus
871 3035 980 3086 omnino
990 3037 1059 3090 inest
1067 3037 1168 3112 aliquid
1178 3046 1252 3116 quod

203 3115 332 3169 offendat.
345 3117 386 3168 Sic
400 3125 476 3166 erant
486 3131 578 3164 versus
590 3111 728 3183 priorum,
739 3111 778 3161 uti
791 3108 910 3162 defendit
922 3113 1004 3164 Persii
1015 3112 1196 3184 adversarius;
1210 3142 1253 3176 re-

203 3198 351 3250 centiornm
361 3197 558 3266 verojunctura
570 3190 665 3243 moliti
676 3201 738 3242 sunt
751 3203 777 3242 st
788 3189 909 3242 decorati.
1229 3207 1233 3217 '

220 3343 221 3348 =
237 3315 304 3366 tter.
324 3312 368 3384 93.
383 3309 508 3365 claudere
523 3312 559 3362 sic
575 3325 675 3361 vernem
689 3305 788 3359 didicit.
802 3335 838 3346 —-
848 3306 962 3368 Didicit,·
977 3307 1036 3361 sub.
1050 3311 1148 3384 aliquis
1162 3333 1253 3388 usqua..

203 3392 282 3459 lium,
295 3391 338 3442 vel
351 3403 442 3444 noster
456 3387 499 3441 ille
512 3403 609 3459 poeta,
625 3389 671 3459 qui
681 3385 761 3458 vulgo
773 3385 910 3458 probatur.
919 3387 1029 3454 ,Quibus
1039 3389 1135 3442 durum
1149 3394 1254 3451 videtur

204 3471 295 3522 didicit
306 3472 344 3524 sic
354 3471 472 3541 positum
483 3467 621 3532 absolute,
632 3466 800 3518 meminerint
812 3465 964 3517 iirersuum
973 3465 1008 3532 40
1021 3479 1047 3517 et
1057 3468 1091 3521 85
1097 3507 1105 3535 ,
1118 3471 1145 3520 in
1155 3474 1252 3543 quibu,

205 3547 244 3600 ait
251 3547 330 3600 simili
341 3549 444 3600 ratione
453 3549 569 3618 positum
579 3559 626 3597 cst.
634 3545 723 3596 Persio
734 3542 859 3595 solemnis
868 3555 908 3595 est
917 3541 962 3595 ills
972 3547 1145 3597 consonatio.
1153 3550 1254 3606 Didicit

206 3628 390 3697 interpretatur
397 3627 492 3700 Koeaiq
504 3643 553 3696 per
563 3622 627 3677 solet
632 3645 642 3684 ,·
653 3620 742 3674 malim
755 3623 923 3692 interpretari
934 3639 983 3692 per
992 3623 1077 3688 novit,
1088 3629 1251 3699 excoqitovit.

206 3732 242 3742 —
250 3701 373 3756 Claudern
383 3722 480 3756 uersum
486 3741 496 3769 ,
507 3720 561 3755 non
572 3700 606 3752 ad
616 3700 701 3753 solem
710 3699 824 3751 fortasse
834 3717 957 3751 versuum
967 3697 1112 3754 clausulam
1121 3706 1253 3776 pertinet,

207 3784 285 3836 sicuti
297 3803 387 3837 omncs
399 3783 520 3836 arbitrari
530 3782 654 3834 videntur
662 3783 833 3851 interpretes,
845 3778 937 3832 esdad
949 3791 1032 3830 totam
1043 3798 1168 3832 versuum
1180 3785 1254 3838 oor'n.

207 3864 374 3934 positionem.
384 3865 430 3918 Est
442 3866 511 3918 enim
522 3875 629 3934 recepta
640 3860 712 3933 apud
720 3861 828 3914 Latinos
840 3859 939 3912 locutio
948 3856 1068 3912 claudere
1079 3879 1176 3922 vemens
1183 3883 1193 3930 ,·
1203 3885 1254 3938 pm

207 3958 315 3993 versum
326 3943 422 4014 lingere
433 3944 476 3995 vel
487 3961 611 4016 pangere.
623 3942 696 4012 Virg.
708 3941 761 3993 Cir.
775 3959 824 3992 ao:

409 4032 434 4074 Et
443 4030 546 4087 gracilem
555 4027 616 4073 molli
626 4027 690 4072 liceat
698 4028 752 4085 pede
761 4027 866 4070 tumim
875 4039 969 4068 vemas.

211 4102 334 4173 Ambigui
351 4117 411 4156 sunt
425 4123 518 4159 sensus
534 4105 573 4157 lrae
584 4121 662 4157 voces
670 4107 795 4176 junctura
808 4114 834 4154 et
845 4099 978 4158 claudere,-
991 4115 1048 4168 qun
1059 4103 1081 4150 si
1092 4118 1190 4154 novum
1200 4123 1256 4159 esst

1085 4197 1113 4271 4.
