3056 4856
310 415 371 456 100
478 387 632 450 VARIAE
657 383 927 448 LECTIONES
952 383 1013 448 ET
1039 383 1175 449 NOTAE

302 518 355 571 uel.
368 535 427 588 cap.
440 516 470 580 6,
482 512 533 564 sub
542 510 630 563 linem.
642 538 679 549 -
688 509 772 581 Lippa
782 527 914 584 propapo,·
926 507 1061 578 intelligit,
1074 521 1103 560 ut
1112 508 1206 563 volunt
1217 514 1360 582 nonnulli,

301 599 407 650 Cottam
414 590 599 654 Messalinum,
609 591 669 660 qui,
680 587 794 659 crapulae
807 586 914 640 deditus
926 600 952 640 et
965 585 1045 658 gule,
1054 600 1081 638 et
1092 605 1106 639 a
1119 589 1265 660 majoribus
1275 592 1359 663 defle·

302 700 360 745 ner,
373 680 398 730 in
414 685 548 728 senectute
561 670 628 722 adeo
642 669 730 744 lippus
741 669 805 736 fuit,
821 682 852 720 ut
862 666 998 740 palpebrae
1009 670 1066 738 ejus
1078 670 1107 720 in
1120 673 1276 726 exteriorem
1288 692 1357 745 psr-

302 776 354 816 tem
371 775 502 812 conversae
519 765 616 805 essent.
640 755 729 803 Potest
743 768 807 802 vero
823 749 875 802 dici
892 750 966 823 lippo
979 767 1028 823 pro
1042 749 1209 821 miserenda,
1229 767 1356 808 coutem-

301 841 399 908 nenda,
413 832 637 910 quemadmodum
652 831 685 883 ad
698 833 805 884 satiram
819 833 982 903 superiorem
993 849 1018 881 v.
1034 847 1076 900 79.

329 1027 391 1070 Vin.
409 1022 447 1086 73.
461 1020 611 1082 compositum
620 1020 661 1081 jus
668 1015 756 1080 fasque
764 1017 847 1060 annno.
857 1038 889 1050 -
898 1013 942 1060 Alii
951 1012 1025 1059 MMS.
1036 1013 1124 1070 codd,
1135 1017 1196 1064 iuter
1204 1032 1265 1080 quos
1274 1017 1355 1072 805⁵,

298 1097 370 1143 edunt
379 1095 465 1158 sasque
477 1091 558 1144 enimi,
577 1087 639 1150 quod
657 1087 808 1132 casaubonus
824 1083 977 1148 nonnullique
994 1081 1078 1130 abillo
1094 1099 1243 1148 receperunt.
1258 1089 1354 1136 Praetuli

295 1171 383 1223 eninm,
392 1163 456 1229 quod
463 1163 524 1208 idem
534 1159 595 1206 valet
602 1175 629 1204 ac
636 1161 658 1204 s'n
667 1161 752 1214 animo,
760 1156 872 1221 quodque
879 1156 998 1204 latinitatis
1005 1155 1098 1203 videtur
1106 1158 1177 1221 paulo
1184 1161 1352 1224 exquisitioris.

296 1240 428 1284 Potuerunt
436 1237 511 1280 animo
519 1231 604 1290 lloenig
612 1241 637 1275 et
646 1227 748 1274 Gillord.

331 1377 400 1427 Nor.
420 1372 463 1442 73.
480 1369 653 1441 Composittsm
665 1372 712 1440 jas
721 1366 820 1438 satque
833 1367 940 1432 animo,
957 1378 1108 1439 sanctosque
1121 1385 1228 1421 recessus
1240 1369 1350 1420 Mentis.

296 1483 331 1495 -
345 1456 404 1520 Jus,
417 1465 456 1504 cst
468 1450 495 1503 id
506 1447 575 1520 quod
584 1448 716 1500 sancitum
726 1460 765 1500 est
775 1460 801 1498 et
811 1444 872 1497 licet
882 1445 940 1515 lege
949 1443 1081 1510 humuns3
1089 1445 1150 1517 far,
1163 1445 1237 1516 quod
1248 1445 1350 1500 divina.

295 1536 367 1606 Virg.
381 1533 477 1603 Georg.
490 1532 515 1597 l,
530 1529 580 1582 268
594 1545 667 1598 sqq.:

496 1636 580 1696 Quippe
589 1633 656 1676 etism
667 1629 727 1675 iestis
736 1631 836 1687 quaedum
846 1643 943 1674 exercere
953 1629 1029 1672 diebus

496 1707 538 1746 Fas
546 1713 568 1746 et
572 1701 630 1760 jura
640 1700 721 1743 sinunt.

296 1831 329 1842 -
339 1802 497 1870 Sanctosque
512 1812 619 1849 reecsnst
633 1792 740 1851 mentis,-
757 1789 861 1842 felicior
874 1787 975 1840 locutio
989 1809 1039 1861 pro
1054 1809 1086 1842 eo
1100 1788 1174 1862 quod
1189 1791 1252 1845 latet
1263 1792 1303 1845 vel
1320 1795 1347 1846 in

294 1884 386 1934 intimo
401 1876 491 1931 corde.
504 1875 577 1927 ldem
593 1882 780 1942 expresserunt
792 1869 878 1921 Graeci
890 1871 916 1920 in
928 1867 1001 1920 hunc
1013 1869 1138 1922 modum:
1151 1870 1225 1938 μυχοὶ
1236 1871 1276 1927 ei}
1288 1874 1347 1924 sm.

293 1962 353 2017 vste.
363 1972 390 2012 et
400 1955 497 2016 ἔθυσα,
508 1953 584 2005 Philo
593 1951 712 2015 Judnus,
723 1952 750 2002 in
762 1948 831 2000 libro
841 1949 927 2000 Deum
937 1951 1033 2001 mutari
1044 1969 1099 2002 non
1110 1969 1203 2021 posse;
1215 1947 1248 2004 rai
1257 1947 1349 2021 spvr'lai

291 2043 337 2092 coir
350 2033 488 2106 tropeum,
501 2033 533 2084 D.
548 2029 659 2095 Paulus,
671 2028 747 2079 Rom.
762 2029 800 2092 ll,
818 2028 864 2090 16;
880 2023 965 2086 ιὸλπος
976 2028 1071 2096 lexic,
1084 2029 1305 2103 Chrysostomue,
1318 2036 1348 2085 iu

292 2117 448 2172 Matthaeum
459 2118 496 2177 V;
509 2126 559 2164 etc.
572 2109 649 2162 conf.
663 2107 778 2162 Theocr.
791 2107 914 2176 xxviii,
925 2109 951 2161 3.

327 2249 395 2302 Non.
422 2245 463 2316 74.
484 2245 519 2296 Et
538 2243 667 2294 incoctum
685 2258 806 2314 qeneroto
828 2251 918 2314 pectus
938 2239 1051 2295 honesto.
1073 2273 1109 2282 —
1128 2244 1272 2298 Honestum
1293 2266 1345 2319 pro

293 2331 349 2402 ipsa
367 2329 465 2380 virtute
482 2323 593 2388 dicitur,
609 2319 835 2396 quemadmodum
852 2320 986 2373 Hellenice
1004 2321 1030 2372 ri
1049 2319 1128 2376 sentit.
1142 2355 1179 2366 ·-
1197 2325 1345 2390 Genea-oro,-

292 2407 423 2472 naturali,
436 2404 477 2458 vel
495 2407 584 2477 potius
600 2399 717 2468 liberali,
733 2401 858 2470 ingenuo.
877 2430 912 2438 -
929 2401 1023 2453 Pectus
1037 2420 1107 2474 saepe
1125 2405 1219 2475 sepius
1235 2407 1262 2456 in
1279 2424 1347 2478 poe·

291 2491 324 2541 tis
340 2502 378 2540 cst
393 2486 461 2538 idern
477 2503 508 2536 sc
523 2486 636 2535 animus.
655 2511 692 2524 -
709 2481 861 2544 lncoctum,·
875 2492 988 2532 tractum
1004 2481 1038 2532 ab
1053 2495 1109 2535 unte
1123 2485 1283 2552 tinctorum,
1298 2489 1344 2559 qui

291 2568 366 2621 lanus
380 2569 408 2620 in
422 2563 544 2636 dibaphis
559 2577 585 2616 et
599 2561 734 2616 coloribus
746 2561 834 2615 solent
843 2579 959 2634 coquere.
970 2563 1052 2614 Marc.
1064 2565 1229 2631 Antoninus,
1242 2567 1277 2618 de
1293 2569 1345 2620 lle·

291 2649 342 2700 bus
357 2647 412 2700 suis
425 2646 475 2710 lll,
492 2642 545 2710 54:
561 2639 689 2712 dmsaeirp
704 2638 850 2708 βιβψμὸνον
865 2641 888 2696 ic
901 2639 995 2704 βῶοςς
1010 2643 1101 2695 Senec.
1116 2645 1228 2715 Epistol.
1241 2648 1343 2714 LXXI,

292 2726 342 2779 sub
352 2727 397 2778 fin.
410 2747 416 2775 :
432 2722 682 2790 «Quemadmodum
692 2723 753 2774 lune
765 2719 894 2792 quosdam
907 2721 1013 2774 colores
1024 2723 1101 2776 semel
1113 2723 1200 2792 ducit,
1212 2725 1343 2798 quosdam

292 2808 343 2859 nisi
356 2805 451 2875 saepius
463 2815 596 2852 macerata
610 2812 635 2851 ct
648 2814 746 2854 recocta
761 2820 816 2852 non
827 2798 961 2870 perbibitg
975 2803 1012 2852 sic
1025 2802 1088 2856 alias
1100 2802 1255 2875 disciplinas
1267 2807 1344 2876 inge-

291 2889 335 2938 nia
348 2901 430 2956 quum
442 2898 585 2959 accepere,
601 2883 723 2949 protinus
739 2890 879 2950 praestant:
892 2877 947 2928 hene
960 2880 1011 2930 nisi
1025 2881 1077 2932 alte
1091 2881 1240 2949 descendit,
1256 2899 1281 2936 et
1294 2883 1341 2936 diu

291 2963 373 3029 sedit,
388 2964 504 3014 animum
517 2977 572 3011 non
586 2957 730 3024 coloravit,
745 2958 792 3010 sed
805 2957 898 3008 iniecit
910 2977 917 3006 ε
929 2957 994 3009 nihil
1005 2977 1035 3010 ex
1045 2959 1088 3012 his
1098 2979 1156 3032 qun
1168 2964 1340 3032 promiserat,

291 3055 426 3116 prestat·
445 3042 557 3092 Omnem
572 3037 643 3092 hunc
655 3040 735 3092 Persii
750 3037 840 3090 locum
854 3037 1006 3090 Lactantius
1019 3037 1063 3091 lib.
1077 3042 1136 3107 Vll,
1152 3059 1180 3092 at
1190 3080 1198 3107 ,
1209 3043 1243 3107 6,
1254 3055 1340 3094 retru-

291 3122 372 3174 etuvit
384 3133 410 3173 et
423 3119 557 3191 explicuit.

321 3305 382 3350 Vin.
398 3305 435 3367 75.
446 3305 503 3350 Hoec
510 3305 564 3350 cedo
574 3313 599 3349 ut
607 3305 738 3349 admoveam
747 3301 846 3364 templis,
854 3303 945 3366 etfnne
953 3303 1030 3351 litabo.
1038 3305 1176 3352 -Multum
1186 3307 1209 3351 in
1219 3305 1264 3351 lsoc
1271 3323 1338 3353 versu

290 3377 461 3423 rariautMMS.
470 3375 544 3423 codd.
555 3375 616 3421 Edit.
625 3374 685 3420 8055
695 3390 701 3420 :
712 3376 769 3419 Hoc
776 3375 830 3420 cedo
837 3376 989 3421 atndmovcus
998 3377 1087 3439 templis
1095 3377 1187 3440 eifum
1197 3376 1271 3422 libato.
1281 3379 1339 3438 Qua·

289 3445 358 3494 lectio
366 3446 544 3506 minimeinepta
554 3456 601 3499 eat,
612 3458 683 3506 quum
690 3442 907 3490 halieatsaccrdotis
915 3447 1048 3506 gravitatem
1059 3449 1171 3507 populum
1182 3445 1338 3494 admonentis.

289 3519 364 3564 Habet
375 3517 451 3580 8273:
464 3517 510 3562 hnc
524 3517 593 3561 cedo:
602 3515 733 3560 admoveam
743 3513 843 3576 templis,
854 3519 946 3580 etfarre
956 3516 1037 3572 litabo,·
1051 3531 1131 3564 seusus
1142 3530 1176 3563 est
1190 3529 1213 3564 et
1226 3519 1274 3581 ipse
1284 3521 1339 3567 satit

287 3589 426 3652 probabilis,
438 3588 579 3634 constructio
589 3585 659 3648 paulo
669 3585 798 3646 abruptior.
810 3587 944 3633 Lectionem
959 3588 1048 3649 praetuli
1054 3624 1061 3644 ,
1072 3603 1123 3650 quae
1133 3588 1257 3651 plurimum
1267 3589 1338 3636 hahet

286 3664 441 3716 auctoritatis,
455 3675 554 3723 quaeque
564 3673 656 3706 sensum
666 3655 736 3703 elficit
746 3657 941 3707 honestissimum.
953 3663 1036 3708 Factus
1044 3663 1108 3708 enim
1117 3673 1185 3724 poeta
1196 3678 1224 3708 ex
1233 3663 1337 3710 derisore

286 3743 408 3790 precator,
420 3731 463 3776 sibi
474 3741 524 3775 orat
533 3744 585 3791 qua·
596 3728 641 3772 siut
651 3727 700 3772 Diis
711 3731 878 3789 acceptissima.

320 3855 387 3904 nor.
408 3852 450 3920 75.
466 3851 530 3901 Hoec
544 3848 605 3900 cedo
623 3860 651 3900 ut
664 3848 816 3901 admoveam
832 3853 951 3926 templis,
973 3863 998 3902 et
1010 3853 1086 3923 fcn'c
1103 3843 1192 3904 litcbo.
1209 3881 1243 3892 ’-
1257 3857 1336 3915 tice,-

284 3931 331 3981 lins
343 3931 423 3982 animi
435 3929 511 3979 dotes
524 3924 705 3996 superioribus
714 3928 835 3980 versibus
847 3929 952 3983 relatas.
965 3957 997 3970 -
1010 3931 1094 3990 Cedo,·
1107 3930 1168 3984 date
1181 3932 1258 4002 milii,
1270 3933 1335 3985 mihi

281 4006 369 4060 liccat.
386 4037 422 4047 -·
439 4007 599 4056 Admoveam
614 4003 732 4075 templus
750 4007 860 4058 inferam
877 4007 909 4058 ad
926 4027 994 4058 rarae.
1010 4039 1045 4048 -
1067 4011 1156 4070 Ferre,-
1173 4029 1222 4081 pro
1238 4015 1334 4082 quovis
