3052 4854
287 379 330 444 (is
468 372 623 438 VARIAE
643 305 997 436 LEGTIONEleT
1018 370 1154 450 NOTAE

286 499 351 548 Men'
360 497 481 562 legebatur
492 497 517 542 in
526 496 627 559 antiquis
635 493 775 542 editionibus
784 510 830 550 sno,
844 493 909 557 qnod
920 509 997 558 neque
1008 507 1100 542 tantum
1110 495 1182 544 habet
1193 502 1338 549 auctoritati,

285 576 310 620 in
320 571 481 634 manuscriptis
491 568 565 615 Codd.
577 581 691 632 qnantum
702 567 773 624 Men',
787 582 864 629 neque
876 583 919 629 per
931 583 955 616 se
965 579 1054 614 tanturn
1064 567 1146 617 landis.
1158 571 1262 632 Fripehi:
1273 575 1338 620 enim

285 643 364 700 loona,
377 643 395 691 si
405 640 611 700 interrogationem
622 637 758 700 dempseris.
769 639 883 682 Praeterea
895 639 1066 700 mugientesmt
1077 639 1109 685 ait
1117 640 1286 700 Quintilianus,
1300 643 1338 689 fo-

285 727 340 763 “¹¹¹
348 712 440 779 'libb‘
449 727 485 757 ”¹⁶
493 710 585 756 must·
596 733 629 744 -
637 711 772 770 Nummi
783 719 860 768 poten
869 723 896 753 ea
908 723 953 754 vos
963 705 1035 754 tribui
1046 709 1140 764 Persio:
1151 710 1249 758 viridior
1258 722 1338 758 tamen

285 787 354 836 lectio
363 785 461 840 ridetur,
474 785 493 828 si
504 780 615 827 monitori
626 779 750 826 tribuatur.
763 777 826 824 Nihil
836 777 867 824 ad
877 777 923 825 boc
934 781 1086 842 manuscripti
1097 781 1172 828 Codd.
1181 780 1303 830 illustram.

320 895 389 948 Nor.
412 907 469 959 ¹¹9·
488 885 562 940 Men'
579 885 673 937 mutire
689 885 776 957 nefus,
795 903 843 937 nec
860 885 944 946 olon,
965 903 1013 938 neo
1031 905 1090 938 oum
1106 889 1254 942 scrobsi-
1264 892 1324 945 Nu:

285 993 373 1049 quom.
385 1001 422 1014 -
432 965 507 1022 Men'
519 983 569 1038 pro
581 983 624 1016 sne
635 983 668 1016 ne
672 987 682 1026 ‚·
693 983 777 1037 genus
792 965 908 1018 elisionia
920 967 977 1035 jam
989 979 1066 1020 antea
1079 986 1134 1020 non
1146 967 1227 1022 semel
1240 972 1334 1024 visum

285 1084 321 1096 ...
332 1051 431 1105 Mutine
442 1065 503 1100 cum
517 1045 622 1098 delectu
637 1047 741 1115 posuit:
759 1057 798 1096 est
810 1046 880 1097 enim
891 1043 959 1098 velle
973 1045 1061 1117 loqui,
1076 1045 1123 1100 sed
1137 1066 1191 1100 non
1204 1063 1295 1121 aperte
1309 1063 1337 1104 et

285 1135 356 1188 clare
365 1130 445 1184 verba
455 1126 583 1200 proferro.
594 1127 679 1176 Varro
689 1123 734 1176 lib.
745 1125 780 1176 Vl
790 1123 823 1176 de
832 1125 908 1195 Linp.
918 1125 975 1177 Lat.
990 1147 1001 1172 ι
1011 1128 1127 1180 Mussore
1136 1125 1249 1195 dictum,
1262 1130 1336 1202 quod

284 1215 354 1268 :nuti
363 1231 418 1264 non
429 1205 542 1279 amplius
550 1222 630 1276 quam
640 1223 687 1256 :nu
698 1203 800 1256 dicunt.
812 1203 873 1256 uAb
884 1204 937 1258 hoc
946 1205 1060 1260 fortasse
1070 1219 1219 1261 mutuatum
1228 1209 1334 1262 Lucilii:

455 1299 500 1341 Neo
508 1295 597 1338 laudare
604 1293 721 1338 bominum
730 1307 864 1351 quemquam
871 1313 877 1350 ;
885 1309 956 1352 neque
963 1311 1000 1339 snt
1008 1295 1077 1340 iacere
1085 1311 1191 1356 unquam.

285 1412 321 1425 ..
327 1377 424 1451 Nefas,
432 1370 581 1447 piaculum:
591 1369 712 1422 eamdem
722 1371 793 1422 enim
803 1371 854 1422 vim
863 1369 945 1423 habet
956 1370 1010 1424 lton
1019 1371 1090 1440 loto,
1103 1391 1182 1444 quam
1195 1373 1268 1447 apud
1279 1375 1334 1428 Cic.

284 1463 322 1514 111
333 1459 367 1510 de
378 1458 439 1508 Nat.
452 1455 532 1504 Deor.
546 1447 579 1501 de
592 1461 686 1522 quarto
701 1451 850 1502 Mercurio:
863 1472 874 1496 ι
886 1464 995 1524 quartus
1006 1451 1067 1504 Nilo
1077 1465 1247 1526 patre,quem
1258 1457 1335 1528 Egy-

284 1541 335 1612 ptii
346 1534 421 1608 nefas
431 1531 532 1584 babent
543 1529 689 1580 nominare.
701 1551 712 1575 ι
722 1557 758 1567 -
768 1529 825 1581 Nec
834 1526 917 1596 olum,
930 1548 977 1582 nec
986 1547 1045 1582 oum
1054 1531 1147 1582 scrobe.
1160 1532 1261 1599 Scrobs,
1271 1552 1336 1606 pro·

285 1617 344 1689 prio
354 1614 446 1678 fovea,
456 1611 499 1662 cui
509 1603 671 1659 manduntur
680 1619 778 1658 tenerae
790 1605 908 1658 arbores.
921 1607 978 1658 Hoc
993 1606 1054 1659 looo
1069 1606 1161 1660 alludit
1173 1607 1206 1660 ad
1217 1609 1335 1663 fabulam

286 1697 320 1750 de
333 1692 411 1748 Mida:
425 1705 546 1748 tonsores
558 1685 611 1738 vid.
624 1686 702 1740 Ovid.
715 1688 822 1739 Metam.
838 1688 890 1754 Xl,
903 1702 938 1756 90
950 1705 1025 1761 sqq.‚
1037 1691 1114 1758 cujus
1126 1691 1244 1742 meminit
1255 1693 1335 1744 etiam

287 1777 388 1830 boson.
400 1771 435 1824 ad
445 1767 600 1821 Paulinum:

488 1855 596 1913 Depressis
602 1853 712 1897 scrobibus
719 1853 797 1897 vitium
805 1853 876 1912 rogale
884 1855 984 1900 minister

487 1921 594 1973 eredidit,
602 1921 667 1977 idque
674 1919 713 1963 din
721 1919 1000 1966 wintoniensium...

288 2021 315 2062 et
325 2001 463 2060 Petronius
476 1998 509 2052 de
520 2000 636 2052 vanitate
648 1997 810 2048 aulicorum:

487 2087 811 2134 Siccommissarerensavidu:
818 2102 902 2133 servare
909 2089 1009 2134 minister

489 2153 774 2211 Poditbumum,repisque
781 2154 872 2198 latentes
880 2156 976 2213 prodidit
983 2169 1054 2200 aurea.

286 2269 324 2282 ..
334 2239 484 2310 Nusquam,
495 2251 530 2286 ne
541 2229 596 2283 ullo
610 2227 718 2301 quidam
729 2231 756 2280 in
769 2227 838 2280 loco.

322 2404 390 2455 Nor.
413 2415 471 2453 tao.
485 2395 539 2449 Hie
551 2407 638 2449 tomen
650 2392 796 2464 infodiam:
811 2393 876 2460 vidi,
889 2391 944 2447 vidi
956 2393 1021 2466 ipse,
1035 2391 1175 2446 libriin-
1186 2395 1237 2447 Hic
1249 2405 1335 2448 tomen

288 2481 434 2554 infodiam,-
448 2479 621 2530 continuatur
632 2473 667 2528 ad
680 2472 809 2526 Fabulam
821 2473 899 2525 Mida:
912 2473 1015 2526 allusio.
1030 2472 1105 2526 ovid.

634 2573 692 2608 ...et
698 2563 785 2607 Domini
793 2563 867 2621 quales
874 2563 994 2620 adspexerit
1001 2577 1065 2606 auras

488 2633 546 2675 Vooe
554 2630 621 2674 refert
628 2643 704 2685 parra,
712 2639 817 2686 terreque
824 2629 982 2672 immurmurat
989 2628 1078 2672 haustae.

288 2713 330 2767 st:
342 2713 531 2763 immnmurore
543 2725 571 2760 se
583 2704 674 2758 libello
687 2724 737 2758 suo
750 2703 815 2758 dicit
826 2707 944 2771 Persius,
956 2703 1020 2776 quid
1030 2703 1131 2758 viderit.
1197 2757 1199 2764 ,

318 2882 380 2926 Vna.
396 2895 447 2926 sas.
461 2874 582 2922 Annbulos
592 2877 652 2920 asini
661 2875 725 2918 Mida
734 2888 777 2920 rex
786 2871 860 2918 babet.
870 2897 902 2908 -
912 2874 976 2919 liano
988 2890 1032 2936 eqo
1041 2874 1165 2922 lectionem
1177 2879 1275 2936 senari,
1284 2879 1337 2924 usui

287 2957 366 3018 potius
375 2967 463 2999 morem
471 2965 565 3010 gerens,
575 2963 644 3011 quam
654 2957 732 2994 certus
741 2947 850 2993 veritatis.
862 2947 954 2994 liabent
962 2951 1111 3013 manuscripti
1118 2950 1193 2998 Codd.
1201 2967 1284 2999 omnes
1292 2967 1337 3014 pro

288 3027 324 3074 bia
332 3024 429 3072 sonibus
439 3019 504 3066 Mida
514 3035 568 3076 rex,
579 3018 745 3065 diversissimas
757 3015 799 3063 bas
812 3031 894 3064 rosea:
909 3019 964 3078 Quis
977 3035 1028 3066 mn.
1041 3021 1086 3068 sed
1098 3035 1177 3070 namt
1189 3035 1271 3071 ‚uem
1284 3024 1337 3070 ,ὴ

288 3096 361 3143 Persii
370 3095 402 3140 sic
415 3101 528 3138 mutatum
539 3089 610 3136 inisse
622 3104 715 3135 versum
725 3103 737 3132 a
747 3089 865 3142 Cornuto,
878 3091 919 3151 qui
931 3091 1019 3150 primus
1028 3092 1106 3138 llomae
1115 3095 1195 3140 satiras
1205 3093 1277 3140 Persii
1288 3092 1337 3139 edi-

288 3165 335 3221 dit:
344 3180 371 3210 ea
379 3173 458 3210 mente
464 3157 566 3216 scilicet,
577 3173 608 3204 ne
618 3174 643 3205 se
656 3160 720 3204 Nero
732 3158 802 3205 nimis
812 3171 893 3220 aperte
903 3170 944 3206 aut
955 3162 1021 3207 nimis
1033 3162 1143 3222 injuriose
1153 3175 1259 3210 nomam
1270 3161 1338 3209 intel.

287 3234 377 3299 ligaret.
390 3236 476 3279 Vtrum
492 3229 542 3275 ¹¹³0
555 3244 621 3276 mera
636 3245 685 3276 etse
702 3230 905 3292 grammaticorum
919 3244 1050 3278 commenta
1066 3233 1186 3290 nonnulli,
1203 3235 1264 3280 inter
1277 3249 1336 3296 quos

288 3310 378 3371 Koeniq,
392 3304 541 3352 arbitrantur.
556 3303 668 3347 Praeterea
682 3317 731 3347 non
745 3301 822 3347 minus
836 3313 917 3364 aperte
928 3303 1022 3350 videtur
1033 3303 1104 3352 iuiase
1118 3307 1181 3353 Nero
1192 3319 1284 3353 nomas
1300 3305 1337 3351 hi,

288 3376 462 3440 superioribus:
481 3375 555 3418 Torva
568 3370 733 3427 Mimalloneis,
746 3384 806 3428 etc.,
819 3373 838 3417 si
850 3373 921 3419 :nodo
929 3385 984 3420 sunt
995 3373 1094 3422 Neronis
1105 3391 1132 3422 ea
1144 3378 1251 3424 carmina.
1264 3377 1337 3422 Deni-

289 3463 335 3512 que
349 3445 387 3492 bic
399 3457 478 3492 versus
493 3457 548 3498 sat,
568 3443 586 3487 si
599 3441 684 3504 legitur
697 3445 818 3506 quianon,
831 3457 884 3488 cum
897 3446 1020 3506 superiore
1032 3461 1101 3491 versu
1112 3461 1125 3508 7
1139 3447 1197 3492 mire
1211 3448 1335 3492 convenis:

289 3535 343 3564 nom
354 3518 430 3562 llomoe
441 3516 492 3580 quis
504 3529 575 3560 non...
586 3512 742 3567 Sententiam,
754 3527 805 3573 quse
818 3525 867 3558 tum
879 3513 923 3559 luit
935 3511 1056 3569 inchoata,
1068 3531 1120 3578 quae
1127 3531 1182 3562 vero
1190 3531 1232 3578 per
1239 3516 1338 3562 monito-

288 3607 338 3638 rem
347 3588 436 3635 absolvi
447 3586 595 3649 nequiverat,
609 3599 673 3629 nunc
683 3583 780 3630 absolsit
791 3586 895 3642 Persius,
907 3587 985 3650 quasi,
998 3585 1123 3634 confutatis
1133 3589 1253 3634 monitoris
1264 3590 1337 3636 ratio-

289 3663 370 3716 nibus,
383 3657 497 3722 propositi
506 3657 588 3702 victor.
599 3653 670 3700 Unde
679 3669 749 3699 nemo
756 3655 811 3714 jure
820 3657 1008 3716 pronuntiaverit
1019 3657 1120 3718 ineptam
1130 3655 1189 3703 hanc
1199 3672 1249 3705 esse
1258 3657 1338 3705 lectio.

290 3747 342 3778 nem
356 3731 408 3794 quii
421 3743 479 3781 mn:
496 3739 547 3788 (1⁰2
557 3735 647 3770 tautum
659 3721 730 3770 babet
740 3725 896 3783 auctoritatis,
906 3724 1059 3789 nonnihilque
1070 3725 1151 3772 forsan
1164 3729 1280 3784 verimtis,
1295 3728 1337 3773 etsi

290 3799 429 3849 subobscuri
439 3812 519 3843 sensus
532 3795 648 3842 videatur.

325 3908 393 3959 Nor.
416 3923 474 3958 sss.
491 3902 630 3956 Aurinia:
645 3904 713 3956 asini
730 3903 805 3955 Mida
822 3924 866 3957 rex
883 3905 967 3958 babet.
982 3933 1018 3944 -
1030 3902 1106 3956 Mida
1121 3901 1208 3957 dictus
1224 3907 1275 3956 fuit
1289 3903 1339 3956 ba·

289 3985 379 4036 buisse
392 4003 468 4036 aures
478 3985 559 4049 asini,
568 3985 631 4054 quia
641 3983 726 4033 omnis
738 3982 905 4035 discernendi
915 3986 1020 4052 ignarus
1033 3980 1097 4033 nibil
1109 3979 1203 4034 differt
1210 3982 1245 4034 ab
1253 3984 1336 4044 asino;

290 4062 409 4140 fulgent.
428 4067 454 4116 in
469 4063 550 4116 fabul.
569 4062 699 4136 Apollinis
714 4077 740 4116 ot
759 4061 845 4116 Midae.
861 4093 895 4107 -
909 4061 995 4128 Male,
1012 4064 1050 4114 ait
1063 4062 1171 4136 Koeniq,
1188 4062 1232 4115 hic
1246 4079 1337 4112 vanus
