3056 4856
415 381 992 452 1usiu1aiusucuunau.
1184 415 1226 482 97

181 508 341 574 addebatur,
352 519 397 559 aut
407 505 534 559 anchusa.
545 505 621 558 Odor
630 520 719 560 autem
728 509 899 560 suavissimus
908 507 1059 566 habebatur
1072 530 1097 568 et
1107 515 1140 568 ad
1150 536 1231 570 omne

181 608 265 662 genus
273 597 473 660 unguentorum
483 582 660 637 adhibebatur
667 587 743 639 corio.
752 584 813 638 Vid.
821 588 889 638 infra
900 587 934 638 ad
944 588 1019 642 Satir.
1027 593 1128 660 V1,36.
1138 595 1231 664 οΙὶυο,

181 687 233 741 pro
241 669 311 721 oleo.
319 696 356 708 —
365 667 490 737 Corrupto
496 664 541 727 ‚·id
549 678 602 731 est,
610 666 678 718 cario
686 680 842 738 temperato.
853 666 991 740 Quidquid
998 669 1166 728 desinitillud
1174 694 1231 731 ease

183 749 257 822 quod
268 750 332 814 fuit,
346 747 478 819 commpi
489 744 594 798 dicitur.
607 744 740 798 Plutarch.
750 748 838 819 Symp.
849 749 996 816 Quaestion.
1004 752 1042 818 V,
1054 766 1118 806 tom.
1129 755 1179 821 Xl,
1189 757 1232 812 ed.

182 833 256 882 Hutt.
267 826 331 885 :To'r
338 848 365 881 or
372 826 450 894 μίξας
457 827 503 880 ro'r'r
512 823 643 896 xpoipuioor
654 825 673 878 o‘r
682 824 797 897 (oppdum
807 827 899 898 φθορὰς
910 826 1061 898 implicuere,
1071 831 1111 884 ui
1120 832 1146 885 ri
1157 832 1233 903 (eides

182 909 262 980 urim
270 906 375 962 uinum
385 905 397 958 i
405 905 508 964 rocwic.
523 907 663 974 (Mirturaa
673 908 794 960 colorum
803 911 920 980 pictores
930 924 1027 963 vocant
1037 915 1235 984 corruptiones,

183 1003 210 1044 et
226 991 319 1063 inungi
333 989 398 1042 dixit
409 990 586 1042 contaminari
597 990 745 1057 llomerua,
758 988 833 1043 iliad.
848 992 877 1059 l,
891 992 968 1063 141.)
983 993 1062 1045 Conf.
1075 993 1186 1046 Gatach.
1201 995 1235 1048 ad

183 1075 265 1124 Marc.
283 1073 408 1124 Antonin.
424 1070 459 1122 de
472 1069 552 1123 rebua
567 1072 636 1136 auis,
648 1071 700 1136 Vl,
718 1069 732 1142 §
748 1070 799 1134 3o;
817 1073 947 1143 lleynium
962 1085 988 1124 et
1000 1076 1079 1127 Voaa.
1094 1073 1130 1126 ad
1142 1075 1235 1145 Virgil.

184 1152 280 1223 Georq.
295 1150 341 1202 lib.
355 1152 394 1217 ll,
407 1168 476 1202 vers.
490 1149 550 1216 466.

215 1338 275 1384 Vn.
292 1338 331 1384 65.
348 1339 380 1384 Et
391 1335 512 1382 Calabrum
524 1340 587 1384 coxit
596 1339 674 1384 viuum
683 1341 768 1384 mur-rba
779 1338 859 1387 uellus.
873 1367 905 1380 -
916 1343 962 1388 Pro
974 1351 999 1389 et
1007 1359 1118 1406 recepere
1130 1343 1236 1392 nomulli

185 1409 287 1525 pilippus
296 1407 356 1464 hoc,
367 1412 432 1471 quod
443 1408 516 1455 edum
526 1423 622 1472 quoque
638 1409 713 1454 bilds.
731 1408 829 1458 Codice·
840 1428 846 1458 ι
862 1413 973 1460 liaberet
985 1411 1155 1462 laudatiuinrua
1170 1431 1237 1463 meua

202 1495 217 1524 o
250 1512 255 1524 .

219 1595 287 1646 uer.
305 1594 349 1648 65.
364 1595 401 1647 Et
410 1593 550 1647 calabrum
560 1593 630 1646 coxit
638 1594 729 1646 vitiato
739 1596 837 1647 murice
847 1595 936 1649 vellus.
944 1626 980 1636 -
991 1597 1128 1653 Calabriam
1138 1602 1237 1665 vellurr

184 1670 272 1726 lanam
289 1673 390 1728 scilicet
405 1675 593 1737 Tarentinam,
608 1691 666 1744 qua
677 1673 727 1724 fuit
740 1676 850 1746 optima.
866 1675 932 1728 Pliu.
948 1678 1015 1730 ilict.
1030 1680 1175 1749 Natvlll,
1188 1681 1236 1748 48;

183 1754 234 1817 ΙΧ,
246 1754 278 1806 61
292 1753 518 1825 aqq.-·-Murice,·
532 1749 699 1823 conchyliaci
709 1753 790 1822 piscis
802 1753 853 1805 luit
867 1771 951 1824 genua
965 1774 1073 1825 murex,
1087 1761 1163 1830 cujus
1176 1777 1239 1812 aan-

183 1835 263 1902 guine
278 1830 313 1884 ad
326 1851 445 1904 purpura
459 1830 617 1904 tingendum
629 1828 783 1883 utebantur.
791 1832 862 1902 Virg.
879 1833 937 1883 [En.
951 1835 994 1901 lV,
1010 1836 1069 1888 262.
1077 1865 1113 1877 ·-
1122 1837 1238 1900 Vitium,-

184 1909 219 1962 ad
231 1909 315 1964 cellro
326 1912 417 1982 potius
430 1929 511 1983 quam
521 1909 556 1962 ad
565 1910 691 1962 muricem
702 1911 811 1980 proprie
821 1913 961 1982 pertinuit,
974 1911 1120 1986 eademqne
1134 1917 1237 1970 ratione

185 1990 303 2060 positum
310 2003 350 2042 eat
357 2009 389 2042 ac
397 2008 479 2062 supra
486 2000 614 2061 corrupto.
622 2016 659 2027 -
669 1990 757 2050 Corin
769 1990 832 2061 quia
840 1993 1018 2064 concoquitur
1025 1991 1085 2045 lana
1095 1995 1122 2044 in
1132 1993 1238 2062 colore,

186 2086 239 2138 qno
252 2070 377 2140 tingatur.
389 2071 464 2141 virg.
475 2071 571 2139 Georg.
585 2070 620 2135 11,
634 2066 701 2133 466:

387 2175 440 2220 Alba
447 2189 487 2220 nec
496 2174 581 2234 laprio
589 2173 678 2217 lucamr
687 2173 737 2218 lana
745 2189 840 2226 veneno,

387 2247 432 2288 Nec
441 2247 503 2288 corio
512 2241 589 2298 liquidi
599 2244 748 2298 conrumpitur
756 2257 809 2287 usur
817 2245 877 2286 oliui.

220 2340 288 2411 lior.
307 2358 351 2411 66.
370 2357 435 2408 Hoec
453 2357 557 2408 boccum
576 2353 680 2406 conche
695 2354 789 2406 rosisse.
805 2381 841 2392 -
857 2353 985 2416 Baccom,·
1004 2369 1056 2407 vox
1073 2367 1112 2408 ert
1129 2359 1237 2430 propria

186 2441 336 2498 fructuum
345 2439 419 2506 Virg.
432 2434 530 2505 Georg.
544 2432 589 2485 lib.
603 2436 632 2498 l,
642 2449 708 2483 vera.
724 2431 794 2483 306:
813 2455 825 2479 ι
837 2431 905 2484 lauri
918 2433 1013 2485 baccas.
1024 2456 1036 2480 ι
1053 2432 1127 2486 ldem
1140 2435 1235 2507 Georq.

186 2516 233 2568 lib.
247 2519 283 2583 ll,
297 2533 364 2568 vera.
377 2514 445 2583 319:
463 2535 475 2559 ι
485 2513 609 2586 Sicyonia
619 2513 705 2564 bocco.
719 2533 730 2558 ι
745 2513 802 2563 Hoc
814 2511 874 2562 loco
886 2511 1067 2583 metaphorice
1078 2513 1175 2566 dicitur
1187 2533 1237 2588 pro

186 2597 344 2668 margarita,
359 2607 389 2645 ut
403 2592 476 2666 apud
489 2595 583 2645 Horat.
597 2587 685 2661 Epod.
699 2589 745 2642 lib.
761 2592 791 2658 8,
806 2609 874 2644 vere.
893 2591 938 2643 13:

415 2693 460 2736 Nec
469 2692 497 2736 ait
506 2691 594 2741 marita,
604 2703 653 2746 qua
662 2689 827 2734 rotundioribus

460 2759 543 2802 Onusta
551 2756 624 2800 loccis
633 2755 738 2800 ambulet.

187 2849 259 2919 Virg.
275 2845 378 2899 AEneid.
392 2844 438 2897 lib.
451 2847 479 2912 l,
492 2863 559 2896 vcra.
573 2841 641 2908 6542

651 2961 655 2970 .
666 2927 805 2986 ...colloque
816 2927 896 2971 monile

387 2989 512 3030 umam.

187 3082 267 3151 Quod
276 3085 303 3134 iu
312 3078 443 3134 fluctibus
453 3078 579 3132 arborum
588 3094 667 3132 vocat
676 3081 780 3132 boccum
788 3078 925 3148 Virgilius,
939 3077 967 3129 id
977 3077 1099 3130 nucleum
1109 3076 1173 3131 dicit
1184 3081 1238 3132 Pli-

188 3166 262 3226 uino;
272 3180 321 3236 pro
331 3161 430 3214 nucleis
438 3173 527 3212 autem
536 3158 631 3210 inlimm
640 3159 775 3212 latinitatis
785 3172 907 3210 auctores
917 3175 1031 3229 posuere
1037 3158 1156 3229 perulou·
1164 3160 1238 3215 uude

188 3242 299 3295 verbum
310 3239 435 3312 gallicum
448 3238 539 3312 perles.
549 3237 609 3291 vid.
620 3238 755 3291 scholiast.
765 3239 877 3290 Horatii.
886 3267 923 3278 -
931 3238 1041 3299 uastsm
1052 3237 1177 3309 explicari
1188 3259 1237 3313 po-

190 3335 241 3376 tcot
252 3341 283 3374 ex
294 3320 347 3374 boc
359 3321 420 3373 loco
430 3319 507 3372 Plinii
518 3319 585 3371 flio.
594 3321 655 3371 Nat.
667 3319 717 3384 IX,
729 3318 779 3370 35:
795 3319 987 3371 nCraaeeacuut
1001 3320 1080 3370 etiam
1091 3321 1118 3370 in
1130 3333 1237 3374 senecta

189 3399 513 3475 (uniones),conchisque
528 3396 723 3462 adhereacunt,
742 3416 791 3450 nec
807 3397 849 3450 bia
866 3395 941 3450 avelli
955 3411 1057 3469 queunt
1073 3399 1124 3451 uisi
1140 3398 1234 3452 linia.»

189 3481 379 3550 Obruebantur
388 3482 467 3532 etiarn
476 3479 581 3530 conche
590 3480 618 3530 in
627 3480 697 3529 raaia
705 3475 828 3530 fictilibus
840 3476 907 3542 sale,
918 3496 971 3548 quo
985 3480 1059 3529 omni
1071 3497 1149 3530 carne
1160 3497 1236 3532 eroaa

191 3564 302 3614 uniones
316 3558 483 3614 decidebant.
496 3556 615 3610 AElianua
629 3555 663 3608 de
677 3558 738 3608 Nat.
753 3557 839 3609 Anim.
852 3557 910 3621 XV,
923 3559 947 3610 8.
961 3559 1134 3629 Quantopere
1148 3561 1175 3609 in
1187 3576 1236 3610 usu

192 3651 280 3691 essent
290 3640 404 3690 uniones
414 3635 487 3709 apud
497 3637 646 3700 Romanoa,
656 3633 718 3686 licet
729 3633 818 3687 videas
831 3655 861 3688 ex
874 3634 1013 3707 exemplis,
1024 3654 1082 3707 quae
1093 3635 1174 3688 refert
1185 3636 1238 3687 Pli-

192 3719 251 3769 niua
263 3715 324 3768 loco
339 3719 430 3769 citato.
443 3716 536 3768 Omnia
549 3733 579 3766 ea
592 3713 692 3765 locutio
706 3715 809 3766 boccum
819 3715 924 3768 couchoe
933 3717 1032 3782 roslare,
1045 3715 1137 3767 Graeco
1147 3713 1238 3768 ainrilir

191 3793 301 3848 videtur.
312 3794 520 3863 Athenaua,lib.
529 3797 563 3846 ill
572 3816 578 3845 ε
588 3791 778 3863 alimmum
787 3795 892 3865 χωρίζειν
901 3791 951 3847 tet
959 3789 1096 3860 quinimo
1103 3813 1110 3854 ;
1118 3793 1238 3863 (boccum

192 3890 317 3944 reparare
327 3891 343 3925 a
354 3873 480 3943 ronchu.)

227 3994 297 4047 Nur.
314 3993 363 4060 66,
375 3996 419 4064 67.
434 3995 469 4047 Et
479 3995 601 4069 striupere
613 4013 690 4049 venos
703 3997 832 4050 Feruentis
843 4013 931 4050 motroe
942 3996 1019 4048 cnido
1031 3995 1062 4047 de
1071 3993 1240 4067 pulverejur-

286 4086 351 4150 III.
1081 4111 1099 4174 7
