3052 4854
273 397 279 410 ·
318 367 361 449 ts
490 365 646 430 vante
670 361 944 430 nacrtouss
968 365 1031 430 ss
1056 364 1192 429 nora

316 495 366 548 beu
377 494 514 560 sublimes,
523 511 584 546 cum
591 491 745 544 domesticis
754 506 780 544 et
788 492 891 544 villanis
900 489 1040 546 historicas
1048 490 1226 565 heroicasque
1236 494 1376 548 esiodus·

316 577 367 628 tria
385 576 465 628 fuisse
481 573 620 646 copulatae
634 575 725 644 ecquis
741 591 796 626 non
811 573 960 644 intelligat?
979 575 1047 626 Hinc
1062 575 1146 626 oritur
1162 592 1255 628 tensus
1273 594 1374 630 eorum

314 655 475 718 verborum,
489 671 552 727 euqe
564 663 656 723 poeta,
672 653 717 724 qui
728 651 903 704 videturvero
916 651 1080 719 simillimus,
1094 651 1158 704 duna
1172 656 1260 706 caeteri
1274 673 1374 708 sensus

313 755 363 810 per
375 737 532 806 interpretes
545 731 586 786 his
598 733 685 786 serbis
699 731 833 799 attributi,
848 735 959 784 veritate
973 733 1074 804 pariter
1086 748 1163 805 egent
1175 748 1203 787 et
1214 736 1371 790 festivitate.

313 846 350 858 —
370 815 481 868 Fumosa
495 811 596 867 Palilia
604 813 690 884 steno.
713 809 815 864 Palilia
834 812 931 865 festum
951 815 1051 865 eratin
1069 813 1200 866 honorem
1224 815 1311 882 Palis,
1326 817 1373 870 vel

313 893 357 946 dei
367 893 407 947 vel
420 893 475 946 dea
487 909 615 964 pecorum
628 904 654 942 et
665 903 803 962 pastorum
814 889 902 961 (Virg.
910 890 1005 963 Georg.
1013 892 1049 944 111
1053 927 1062 956 ,
1074 909 1082 944 t
1092 893 1118 964 ),
1130 892 1203 966 quod
1215 893 1373 946 celebraba-

313 987 358 1025 tur
369 974 405 1024 xl
421 970 523 1026 calend.
537 975 598 1022 mai.
613 989 667 1042 quo
680 969 724 1022 die
737 972 850 1022 Romam
862 970 998 1023 conditam
1010 973 1091 1024 fuisse
1105 971 1254 1025 tradebant.
1270 975 1299 1024 ln
1314 971 1373 1028 boc

314 1055 380 1106 iesto
396 1071 445 1125 per
461 1069 569 1104 acervos
586 1049 744 1121 stipularum
759 1069 886 1104 accensos
900 1050 1074 1104 transiliendo
1092 1071 1119 1104 se
1135 1052 1283 1104 lustrabant
1299 1055 1372 1124 agri·

314 1133 388 1186 cola.
399 1135 491 1183 Varro.
503 1131 567 1183 [aL.
576 1129 649 1194 V,3;
663 1127 741 1183 ovid.
756 1131 826 1181 Fast.
836 1131 879 1195 Ν,
893 1129 946 1201 629
953 1147 1010 1202 sqq.
1025 1129 1158 1183 Plutarch.
1167 1129 1305 1183 inliomul.
1321 1147 1371 1196 ιη

313 1213 432 1283 Propert.
450 1211 499 1275 lv,
518 1225 545 1274 t,
563 1225 602 1280 19.

349 1321 417 1370 Nor.
441 1317 484 1387 73.
508 1315 582 1367 Unde
593 1315 701 1382 Remus,
714 1314 835 1387 sulcoque
848 1325 931 1368 tereres
941 1313 1073 1385 dentalia,
1086 1317 1192 1387 Quintil
1210 1345 1244 1360 -
1260 1318 1369 1388 ineptas

316 1399 473 1464 sententias,
483 1413 542 1468 quae
551 1393 630 1466 vulgo
640 1397 667 1446 in
679 1413 824 1466 puerorum
833 1394 1074 1450 declamationibus
1088 1397 1272 1464 recurrebant,
1281 1400 1370 1469 pergit

315 1479 422 1532 referre.
437 1480 499 1531 Non
510 1479 606 1549 inepta
618 1473 724 1547 quidem
737 1493 786 1546 per
797 1494 825 1528 se
838 1479 974 1530 tentantia
986 1489 1064 1542 sunt,
1078 1495 1135 1548 φη
1147 1479 1174 1530 in
1186 1479 1244 1550 ipso
1256 1477 1368 1548 Virgilio

314 1557 447 1630 leguntur.
459 1557 580 1628 Georgic.
592 1557 617 1607 ll
624 1593 632 1620 ,
646 1555 696 1609 532
707 1567 734 1607 et
743 1553 795 1608 533
805 1579 811 1607 :
827 1577 840 1602 ι
848 1558 924 1609 llanc
935 1559 1034 1609 Remus
1046 1568 1072 1609 et
1083 1557 1164 1610 frater
1171 1583 1249 1610 .....
1265 1557 1366 1610 AEneid.

314 1641 364 1704 Vl,
378 1637 448 1704 844:
466 1634 536 1688 -Vet
548 1648 574 1687 te
586 1634 674 1702 sulco,
687 1633 812 1698 Serrane,
828 1649 958 1688 serentem
968 1638 1000 1686 i·
1019 1635 1071 1690 Sed
1083 1633 1147 1690 viles
1163 1637 1252 1704 facta,
1266 1636 1314 1690 sed
1326 1651 1366 1688 te-

316 1737 386 1770 mere
401 1717 532 1789 profusa,
549 1733 636 1786 ηοφιο
655 1714 716 1768 luco
734 1733 798 1781 suo,
815 1734 901 1788 neque
913 1715 1007 1768 ordine
1019 1735 1067 1770 suo
1080 1716 1220 1788 disposita.
1236 1747 1273 1757 -
1293 1717 1367 1770 Unde

315 1799 418 1850 Remus.
433 1797 520 1864 Unde,
530 1793 644 1848 maadi
654 1793 782 1847 oriundus
790 1808 855 1848 erat.
866 1823 901 1838 -
910 1797 1019 1862 Remus,
1026 1795 1134 1850 Romuli
1142 1798 1257 1850 irateret
1265 1810 1365 1869 pastor.

315 1909 351 1920 -
367 1877 471 1950 Quinti,
482 1875 608 1944 Quintius
620 1875 808 1942 Cincinnatus,
821 1878 867 1947 qui
879 1875 991 1928 Romam
999 1877 1146 1948 ¹accersitus
1158 1891 1198 1930 eat
1210 1875 1243 1929 ab
1257 1894 1320 1948 agro
1333 1873 1366 1928 ad

316 1959 451 2010 dimatoris
460 1975 558 2010 munus
567 1954 730 2008 obeundum.
743 1954 803 2008 Vid.
812 1957 929 2024 Livium,
939 1957 987 2024 Ill,
997 1957 1040 2010 ati.
1051 1959 1111 2009 Non
1122 1955 1209 2008 solum
1218 1956 1367 2008 Cincinnati

316 2057 430 2105 nornen,
446 2037 520 2109 quod
533 2038 561 2088 in
576 2034 673 2088 scholis
687 2035 781 2088 crebro
796 2034 889 2088 debuit
903 2037 1043 2108 usurpari,
1061 2033 1108 2087 sed
1125 2037 1184 2106 ipsa
1203 2033 1366 2107 apostrophe

315 2117 420 2170 videtur
429 2117 552 2170 consulto
561 2115 606 2168 hic
616 2113 704 2167 locata
713 2116 809 2181 fuisse,
822 2131 875 2188 quo
885 2117 973 2168 verior
981 2127 1050 2168 esset
1060 2115 1180 2166 imitatio.
1192 2141 1229 2154 -·
1236 2113 1368 2186 Salcoque

317 2209 398 2251 tereus
407 2195 537 2265 dentalia,
549 2207 641 2248 ornate
653 2211 703 2266 pro
717 2211 803 2246 arans.
818 2195 890 2267 Virg.
902 2195 998 2263 Georg.
1011 2195 1036 2258 l,
1049 2193 1098 2259 db:

563 2319 579 2330 ..
588 2294 620 2328 ,οι
626 2285 684 2328 raico
691 2285 782 2327 anama
789 2281 936 2341 splendescere
943 2295 1024 2326 vomer.

346 2447 408 2492 Van.
427 2443 465 2508 74.
480 2443 554 2503 Qum
569 2441 655 2505 tr‘spidu
666 2449 719 2487 arte
732 2441 798 2487 louet
813 2442 950 2487 dictaturam
963 2439 1038 2485 induit
1049 2453 1116 2484 uxor.
1126 2461 1158 2474 -
1168 2437 1266 2484 variant
1280 2441 1304 2485 in
1320 2437 1367 2484 boc

317 2532 387 2564 versu
395 2517 488 2580 qnidam
495 2517 570 2562 MttS.
581 2513 656 2560 Codd.
667 2539 700 2552 —
707 2513 807 2573 Quidam
816 2512 904 2559 babent
915 2525 982 2576 quem
991 2526 1035 2575 pro
1045 2525 1116 2574 quum
1121 2529 1130 2566 ‚-
1139 2509 1246 2574 quidam,
1257 2511 1299 2558 sed
1308 2525 1367 2573 patt-

317 2591 413 2644 ciesimi,
423 2589 552 2634 ditatorem
567 2602 611 2648 pro
628 2585 780 2633 Dictaturam,
794 2587 930 2634 Lectionem
942 2585 1088 2639 admisimus,
1098 2599 1150 2647 qua
1159 2582 1285 2646 plurimum
1295 2583 1367 2630 lrabe-

317 2674 352 2708 rct
364 2661 507 2708 auctoritatis
517 2670 540 2705 et
552 2661 576 2704 in
585 2659 659 2704 MMS.
675 2659 834 2716 (Dictaturam
848 2659 910 2702 enim
924 2655 1021 2718 legimus
1036 2657 1060 2702 in
1074 2653 1149 2714 8055,
1164 2657 1238 2720 8070,
1252 2656 1326 2719 807²,
1343 2669 1367 2703 ct

318 2731 391 2795 827²,
403 2743 426 2775 et
437 2741 548 2792 praetcrea
559 2729 583 2773 in
597 2729 750 2775 vetustissima
761 2729 866 2772 omnium
881 2741 938 2788 quas
949 2725 1035 2772 habeat
1048 2727 1104 2788 llcfl.
1118 2727 1228 2774 biblioth.
1241 2727 1367 2786 editiooc.)

318 2817 415 2865 quaque
425 2816 468 2863 per
477 2815 501 2846 se
513 2799 716 2862 furetelegantior.
727 2825 759 2835 —
773 2797 845 2844 Aliter
854 2795 934 2860 legunt
942 2797 1044 2844 editores
1053 2797 1127 2845 lernae
1138 2814 1230 2854 omnes;
1241 2797 1282 2844 sed
1292 2797 1365 2844 Mus.

317 2873 409 2935 potius,
423 2887 491 2935 wem
504 2870 643 2917 editionibus
656 2867 801 2917 credendum
815 2884 881 2923 reor;
897 2881 920 2914 et
935 2883 1005 2932 quum
1015 2867 1097 2916 melius
1108 2884 1179 2932 quam
1188 2884 1255 2933 quem
1265 2869 1291 2916 iu
1303 2870 1368 2913 omni

318 2946 361 2990 itae
368 2943 539 2990 constructione
547 2943 602 3004 poni
609 2941 758 2988 manifestum
766 2951 808 2986 est.
817 2939 949 3002 Elegantius
954 2939 1092 2986 subauditur
1099 2941 1139 2987 tibi
1141 2975 1148 2996 ,
1159 2942 1287 3004 presertim
1294 2955 1366 3002 quum

319 3023 357 3059 tua
367 3023 472 3059 recurrat
479 3013 505 3056 iu
514 3025 584 3058 versu
593 3013 740 3075 inmqareote.

352 3109 420 3164 Nor.
433 3109 474 3180 74.
488 3109 574 3180 Quum
584 3108 683 3181 trepida
692 3122 754 3162 ante
764 3110 837 3162 boves
846 3107 1001 3161 dictaturam
1012 3109 1100 3162 induit
1110 3127 1182 3161 texor.
1193 3139 1228 3147 -
1239 3107 1366 3179 Trepida,

319 3190 409 3244 sedula
424 3204 450 3242 ct
464 3191 557 3242 marito
568 3189 722 3243 festinanter
733 3208 832 3242 navans
844 3207 952 3261 operam
965 3190 992 3240 in
1002 3204 1064 3262 toga
1075 3189 1208 3242 induenda
1218 3187 1366 3240 dictatoria.

319 3299 352 3310 -
370 3269 439 3322 Ante
455 3270 528 3321 boves
545 3287 593 3340 per
606 3271 759 3339 juncturam
775 3269 964 3322 industriosam
981 3273 1125 3341 apponitur
1141 3267 1175 3321 ad
1193 3267 1366 3334 dictaturam,

319 3348 543 3423 quemadmodum
558 3351 679 3419 superius
693 3351 773 3402 Porci
783 3350 817 3402 ad
828 3349 937 3402 Palilia.
951 3377 986 3390 ·-
999 3348 1102 3417 Induit,
1116 3347 1246 3402 subaudi:
1260 3345 1317 3398 tibi.
1331 3375 1368 3386 -

318 3431 444 3483 Ceterum
462 3447 495 3482 ne
510 3431 569 3499 quis
583 3432 691 3481 miretur
706 3429 862 3482 dictaturam
875 3447 924 3501 pro
937 3439 1030 3481 uestem
1045 3429 1225 3482 dicmtariam:
1238 3427 1366 3496 exquisita

211 3505 213 3508 ¹
319 3524 358 3564 cst
368 3527 481 3582 poeseos
491 3509 586 3574 dictio,
597 3523 624 3561 et
635 3527 691 3580 quse
702 3512 866 3581 sapesapius
877 3522 994 3562 recurrat
1003 3509 1031 3559 iu
1041 3507 1204 3560 auctoribus.

354 3620 421 3672 Nor.
441 3619 482 3688 75.
495 3619 531 3670 Et
542 3627 586 3670 tua
598 3628 685 3669 arana
697 3617 804 3669 ἀωηιιηι
818 3617 895 3670 lictor
906 3615 1006 3669 tulit...
1019 3616 1108 3688 Rupe,
1119 3623 1204 3685 poeta.
1218 3641 1252 3652 ·-
1266 3609 1366 3663 Eodem

314 3699 425 3773 juvenili
441 3713 467 3751 et
483 3697 594 3750 ridiculo
608 3697 703 3750 ardore
715 3715 874 3764 succensus,
890 3698 975 3750 fusius
987 3694 1111 3748 describit
1123 3694 1272 3745 Cincinnati
1283 3695 1369 3744 fortu-

318 3799 394 3845 nam,
404 3781 612 3849 immoraturque
622 3780 648 3830 in
660 3775 835 3829 describendo
846 3777 988 3830 commixta
998 3774 1133 3826 dictatoris
1142 3784 1296 3823 ornamenta
1306 3789 1367 3822 cunt

319 3862 428 3912 aratoris
443 3861 639 3922 instrumentis,
653 3857 725 3910 dives
737 3857 805 3908 enirn
822 3855 856 3908 ad
871 3853 1084 3927 amplificandum
1101 3853 1231 3902 materies.
1247 3851 1368 3920 Denique

319 3942 465 3992 orationem
473 3937 562 3992 subito
571 3937 703 4008 abrumpit
710 3938 908 4008 omittitque,et
916 3953 990 3986 suam
998 3937 1053 4005 ipse
1061 3930 1128 3984 ridet
1137 3931 1367 4002 amplificationem

317 4035 366 4086 per
377 4017 433 4071 haec
444 4018 539 4084 verbs,
551 4019 638 4092 Eupo,
649 4029 740 4089 poeta,
749 4016 845 4087 quibus
857 4015 968 4067 denotat
977 4015 1077 4065 ironice
1087 4010 1151 4082 quid
1162 4007 1367 4081 exspectandum

319 4098 352 4146 sit
365 4096 399 4149 ab
413 4096 626 4152 adolescentibus
642 4100 678 4150 sic
691 4097 817 4150 institutis
832 4108 858 4147 et
872 4096 941 4147 circa
956 4091 1053 4146 similes
1066 4107 1150 4162 nque
1166 4085 1365 4142 annitentibus.
