3052 4854
279 436 322 503 56
454 426 608 497 VARlAE
631 427 903 492 LECTlONES
925 427 988 490 ΕΤ
1012 427 1149 492 NOTAE

277 561 381 626 furere,
391 555 552 611 Bacchantes
561 550 699 625 appellate
710 564 772 605 sunt
781 549 923 604 Maenades.
931 579 967 592 -
976 549 1102 618 Fleuum,
1112 552 1247 605 directum
1257 554 1329 626 thyr-

277 643 322 695 sis.
335 667 370 680 -
382 635 527 709 corymbis,
543 632 647 685 hederae
664 631 820 696 racemulis,
834 629 999 684 habenarum
1013 632 1083 684 loeo.
1105 634 1247 704 Corymbus
1260 653 1328 706 pro·

276 721 335 792 pris
350 732 388 772 est
402 715 504 768 hederas
517 713 637 774 fructum
651 711 695 762 hic
710 712 822 762 sumitur
836 729 885 782 pro
900 713 958 782 ipsa
972 709 1079 764 hedera.
1093 741 1130 752 -
1141 713 1243 780 Boion,
1259 711 1327 768 sista.

276 798 397 852 Bocchus
408 796 505 848 dicitur
516 795 541 848 Ε
543 793 596 846 oios
607 791 648 844 vel
660 810 675 843 n
687 809 753 844 voce
764 791 954 844 Bacchantium
965 790 1024 852 siu,
1037 790 1079 844 vel
1094 791 1167 864 quod
1178 792 1213 844 ob
1227 811 1269 845 res
1283 791 1330 846 ad-

276 897 367 932 versus
381 879 500 948 gigantes
513 887 602 945 gestas
617 871 740 925 laudatus
754 885 794 924 est
808 891 823 923 a
836 874 902 925 Jove
915 871 956 924 his
970 871 1057 925 verbis
1072 891 1078 924 t
1096 866 1123 923 lo
1139 871 1185 940 iii,
1199 893 1263 948 euge
1269 872 1326 946 fili.

275 960 368 1010 Horat.
386 955 437 1009 Od.
455 956 492 1020 ΙΙ,
513 952 771 1024 19.-1n92mtnaae.
788 953 888 1021 Legere
900 949 994 1004 volunt
1009 950 1131 1004 nonnulli
1146 954 1327 1027 Ingeminant.

275 1037 327 1090 Sed
340 1035 442 1089 hebent
453 1033 600 1109 ingeminat
610 1033 783 1104 manuscripti
794 1031 880 1084 Codd.
891 1046 917 1083 et
929 1031 982 1084 hoc
997 1030 1106 1086 verbum
1117 1033 1154 1083 ita
1165 1032 1277 1084 sumitur
1287 1033 1327 1082 in·

274 1121 411 1173 transitive
426 1116 498 1189 apud
507 1114 646 1186 Virgilium
661 1132 715 1166 non
730 1113 825 1168 semel:
840 1114 937 1185 Georg.
951 1115 975 1178 l,
990 1113 1058 1166 333:
1076 1114 1268 1187 «ingeminant
1279 1133 1328 1166 au·

275 1202 353 1252 stri·
372 1197 473 1250 AEneid.
486 1198 520 1264 V,
538 1213 603 1266 227:
625 1195 799 1266 ringenrinat
815 1194 946 1248 clamor.-
965 1207 1016 1248 etc.
1030 1223 1065 1236 -
1077 1193 1252 1266 Reparals'lis,
1269 1212 1327 1266 quse

275 1293 353 1334 sonat
366 1281 477 1350 sepium
492 1275 533 1328 vel
548 1277 647 1342 active,
661 1290 691 1328 ut
707 1275 763 1329 vult
778 1277 891 1347 Koenig,
907 1295 964 1347 quae
981 1295 1062 1330 sonos
1078 1291 1192 1348 reparat.
1206 1274 1326 1328 -Eeto

275 1357 325 1414 risi
339 1359 381 1412 roi
398 1357 474 1425 tgttt,
492 1376 595 1411 sonare.
609 1356 710 1410 Fabula
727 1371 815 1410 narrat
826 1357 907 1410 fuisse
919 1357 1037 1410 Puellam
1050 1357 1086 1410 ob
1101 1357 1281 1428 garrulitatem
1298 1357 1326 1408 in

274 1457 368 1494 vocem
386 1457 402 1490 a
417 1440 524 1490 lunone
541 1450 678 1490 mutatam.
692 1435 744 1488 Vid
771 1434 836 1488 Plin.
856 1438 922 1488 llist.
937 1439 998 1488 Nat.
1018 1438 1055 1504 Il,
1075 1436 1123 1503 46;
1142 1433 1325 1500 XXXV1,15.

273 1521 344 1589 Lege
357 1533 383 1572 et
392 1517 469 1570 Ouid.
481 1517 657 1589 Metamorph.
669 1517 719 1582 lll,
731 1533 790 1588 cap.
802 1515 827 1568 5.
837 1547 874 1558 -
882 1515 955 1586 Quid
967 1519 1000 1570 sit
1012 1519 1039 1570 iu
1050 1516 1092 1570 his
1104 1515 1222 1570 versibus
1234 1531 1326 1586 repre·-

273 1597 460 1662 hendendum,
470 1611 496 1650 et
507 1595 571 1669 quid
580 1595 779 1668 reprehenderit
789 1598 905 1662 Persius,
917 1597 1001 1650 fusius
1012 1599 1167 1668 interpretes
1174 1596 1326 1666 disputant,

275 1699 394 1752 operam,
403 1675 796 1747 credo,perdentes.Tumorem
805 1677 1067 1730 enimetuffectatam
1074 1677 1238 1729 harmoniam
1247 1691 1326 1726 nemo

275 1775 315 1815 est
330 1761 376 1832 qui
390 1761 417 1810 in
430 1755 481 1809 illis
493 1776 549 1808 non
564 1755 754 1827 deprehendat.
771 1758 810 1808 De
825 1769 958 1812 structura
970 1755 1068 1810 horum
1079 1775 1201 1812 versuum
1214 1755 1266 1808 vid.
1279 1757 1326 1807 la-

275 1840 374 1893 coburn
391 1837 587 1889 Bononiensem
598 1835 727 1888 Thesaur.
746 1837 828 1887 critic.
846 1849 910 1886 tom.
924 1837 950 1902 1,
966 1855 993 1906 p.
1006 1836 1069 1907 667,
1082 1836 1123 1889 ed.
1136 1837 1210 1888 Grut.
1223 1866 1259 1875 —
1269 1832 1327 1884 Trl-

274 1921 365 1976 buitur
376 1917 452 1970 locus
466 1917 568 1969 Neroni
580 1915 714 1968 editorum
724 1916 809 1967 ferme
822 1919 941 1968 omnium
953 1935 1100 1983 consensu,
1113 1916 1187 1970 haud
1198 1919 1233 1968 ita
1245 1915 1326 1968 lirtnis

275 2017 363 2054 tamen
380 2018 411 2051 ex
429 1999 600 2068 argumentis.
618 1997 686 2048 Nam
702 2009 798 2068 preter
811 1998 909 2050 vetusti
925 1995 1072 2050 scholiastae
1087 1999 1282 2062 testimonium,
1300 2009 1327 2046 et

273 2083 367 2136 Dionis
379 2079 469 2131 locum
483 2081 539 2146 jam
552 2094 633 2147 supra
645 2075 757 2127 relatum
768 2073 838 2145 (vid.
850 2076 929 2129 Dion.
942 2095 969 2148 p.
986 2093 1055 2147 999,
1069 2075 1133 2131 edit.
1146 2076 1247 2146 Reim.)
1260 2074 1327 2127 nihil

275 2163 384 2215 omnino
396 2159 524 2211 habemus
537 2155 635 2209 adhoc
648 2157 824 2208 auctoritatis.

200 2295 207 2308 .
310 2274 378 2326 Nor.
401 2267 537 2336 103‚1ot.
554 2265 619 2318 Hoec
627 2261 740 2337 fierent,
751 2265 774 2317 si
784 2265 894 2318 testiculi
911 2285 976 2318 uena
993 2265 1051 2320 ullo
1063 2267 1170 2340 paterni
1183 2267 1288 2320 Viveret
1298 2265 1327 2320 in

274 2352 354 2406 nohis.
366 2380 402 2389 -
412 2347 497 2402 Solvit
507 2348 614 2398 frenum
625 2343 813 2416 indignationi,
824 2364 903 2418 quarn
913 2344 1050 2418 paulisper
1058 2343 1268 2398 dissimulaverat
1278 2363 1328 2415 per

272 2435 384 2494 ironiam
390 2431 576 2502 „granterque
586 2423 756 2496 reprehendit
766 2438 905 2498 poetarum
916 2427 1044 2497 ineptias,
1056 2443 1172 2497 quorum
1181 2441 1271 2478 versus
1281 2442 1328 2476 su-

272 2530 322 2584 pra
337 2509 435 2562 retulit.
448 2537 484 2548 -·
495 2507 573 2570 Huc,
588 2507 605 2557 i.
621 2523 644 2558 e.
658 2504 808 2558 istiusmodi
820 2507 946 2558 carmina.
959 2537 994 2546 —
1007 2507 1082 2560 Verso
1094 2503 1152 2558 ullu
1165 2503 1271 2578 patenti
1290 2513 1327 2554 ts·

273 2591 373 2656 sticuls',
384 2586 542 2660 metaphora
551 2583 632 2658 paulo
643 2584 771 2640 audacior
779 2597 806 2640 et
818 2586 970 2640 obscoenior
978 2605 1028 2658 pro
1035 2599 1112 2660 gutta
1121 2585 1214 2660 aliqua
1221 2583 1327 2658 patenti

273 2669 417 2744 sanguinis.
436 2669 507 2734 Raro
526 2663 671 2718 admodum
688 2666 761 2739 apud
781 2668 896 2720 Persium
916 2680 1056 2718 recurrunt
1077 2665 1154 2720 toede
1176 2662 1327 2720 istiusmodi

273 2749 474 2814 translationes,
492 2763 551 2819 qua
563 2745 782 2818 frequentissimas
798 2761 860 2800 sunt
876 2745 949 2818 apud
965 2759 1072 2800 craterus
1085 2749 1193 2800 utinos
1205 2745 1326 2798 satiricos

274 2832 448 2902 inprimisque
465 2825 539 2899 apud
555 2828 720 2882 Juvenalem.
737 2857 773 2870 -··
790 2829 896 2882 Wueret
911 2827 939 2880 in
957 2829 1045 2893 nobis,
1068 2828 1147 2882 nobis
1165 2838 1325 2900 superesset.

275 2941 310 2954 -
328 2909 425 2964 Similis
436 2921 475 2960 est
488 2903 551 2960 huic
568 2909 669 2962 Horatii
686 2910 747 2962 loco
762 2926 872 2976 sensus,
888 2907 1042 2962 honestiora
1057 2927 1119 2962 vero
1130 2908 1220 2962 verba.
1237 2903 1323 2978 Epod.

278 2991 386 3058 15,1s:

665 3060 717 3106 ...si
726 3061 779 3118 quid
787 3057 810 3102 in
818 3058 894 3104 Flacco
900 3059 941 3102 viri
949 3071 988 3106 est.

305 3217 366 3261 Vin.
384 3217 433 3262 105.
447 3217 479 3262 Et
487 3217 510 3262 in
522 3217 566 3262 udo
576 3225 611 3262 est
621 3217 719 3262 Moesta
729 3227 753 3260 et
761 3217 836 3263 Attin.
849 3243 881 3253 -
892 3217 985 3264 liabent
997 3219 1058 3264 Attis
1071 3217 1221 3280 manuscripti
1233 3212 1324 3270 Codd.,

274 3285 339 3350 quod
351 3301 395 3347 ego
406 3283 483 3332 malim
495 3287 523 3334 iis
535 3284 564 3332 de
577 3287 651 3332 causis
663 3299 732 3346 supra
744 3287 886 3333 memoratis.

310 3383 379 3434 Nou.
403 3389 465 3448 roei,
482 3381 539 3436 105.
552 3384 662 3436 Summa
674 3380 794 3436 delumbe
803 3383 885 3436 sative
895 3383 954 3438 Hoc
965 3394 1041 3435 notat
1052 3383 1079 3433 in
1092 3381 1182 3448 labris,
1194 3393 1219 3434 et
1234 3379 1261 3430 in
1273 3377 1325 3431 udo

274 3473 310 3514 est
318 3465 419 3515 Moenus
428 3473 453 3514 et
461 3462 546 3518 Attin.
560 3493 595 3502 -
605 3463 717 3513 Versum
730 3461 778 3514 105
789 3463 976 3536 subreptitium
988 3463 1084 3538 Koenig
1097 3463 1234 3534 opinatur,
1245 3472 1325 3532 atque

275 3561 306 3594 ex
318 3543 554 3614 interpretamento
567 3539 739 3614 precedentis
751 3551 860 3605 natum
873 3545 1080 3616 opinionemque
1092 3559 1166 3595 suem
1181 3543 1217 3592 ita
1233 3539 1327 3592 defen·

274 3619 327 3673 dit:
340 3645 350 3666 a
361 3621 461 3673 Forsan
471 3623 561 3674 nescio
573 3621 631 3690 quis
642 3619 773 3690 explicere
781 3621 894 3678 voluitli
905 3641 1006 3676 sumum
1014 3621 1096 3674 saliua
1107 3640 1155 3692 per
1166 3619 1277 3672 natatio
1289 3615 1326 3668 lo-

275 3702 337 3760 bris,
348 3699 429 3770 idque
441 3719 524 3772 porro
537 3717 585 3770 per
588 3701 712 3770 jejunum
723 3709 773 3766 est,
786 3701 856 3754 unde
867 3703 893 3753 in
906 3701 957 3753 udo
967 3714 1004 3754 est
1011 3713 1104 3772 postea
1116 3713 1218 3764 ortum,
1229 3697 1325 3770 quihus

273 3792 407 3850 postremo
421 3777 454 3830 ab
467 3775 520 3830 alio
531 3774 647 3848 quodam
660 3775 694 3826 ad
708 3776 867 3848 explendum
878 3799 982 3832 versum
997 3780 1059 3832 sotis·
1073 3777 1166 3827 inscite
1179 3777 1283 3830 Moenas
1299 3787 1325 3826 et

273 3859 348 3910 Attin
361 3857 478 3912 additum
492 3870 540 3910 est.
554 3855 624 3910 Olim
636 3854 687 3908 levi
701 3862 848 3912 mutatione
859 3860 948 3914 locum
960 3863 997 3913 sic
1010 3858 1075 3928 legi:
1090 3875 1192 3908 summo
1205 3855 1325 3909 delumbe
1398 3851 1414 3872 '

272 3937 354 3990 saliua
369 3939 428 3991 Hoc
444 3947 519 3990 natat
534 3919 655 3990 in'lnln's
662 3939 772 4010 jejunos
789 3953 814 3996 et
829 3945 932 3994 Moenus
947 3953 973 3994 et
985 3939 1059 3992 Attin
1077 3952 1125 3990 nee
1138 3937 1260 4010 pluteum
1274 3955 1324 3990 eoe-

273 4018 325 4084 dit,
342 4031 393 4069 etc.
403 4057 426 4069 ..
440 4019 498 4072 Hoc
513 4033 609 4068 sensu:
626 4015 679 4070 hoc
696 4015 764 4071 adeo
780 4021 923 4093 insipidum
936 4033 976 4074 est
990 4034 1016 4074 et
1029 4035 1158 4072 nauseam
1175 4032 1280 4084 movet,
1294 4027 1325 4070 ut

272 4092 314 4146 vel
329 4095 454 4148 esurienti
466 4097 533 4146 intra
546 4092 621 4148 labra
632 4093 743 4162 haereat,
759 4111 839 4168 atque
853 4101 880 4152 in
893 4097 989 4166 saliva,
1004 4116 1086 4172 quum
1097 4115 1198 4154 nausea
1211 4095 1323 4150 multam
