3052 4854
467 415 516 479 IN
541 412 754 480 SATIRAM
778 413 985 480 PlrrMsM.
1208 365 1250 506 eq

198 523 245 577 m.
256 523 340 587 rx,v.
352 521 419 590 6172
434 522 549 574 «otae
560 519 698 592 Νηρία
711 537 798 589 neque
810 522 878 570 enim
890 519 1034 592 chifflet..
1050 551 1083 564 .-
1095 523 1250 577 canonem.

200 603 239 654 De
246 603 320 654 Arrio
329 601 462 661 Labeone,
473 610 498 648 et
509 598 600 668 inepta
609 597 718 648 Homeri
727 597 848 648 versione
856 615 936 667 quarn
945 597 1079 668 ediderat,
1088 614 1183 671 prreter
1192 605 1253 663 Per-

201 682 231 732 sii
252 693 277 730 et
294 679 391 730 vetusti
412 674 560 728 scholiastre
579 674 743 738 testimonia,
762 673 826 724 nihil
844 672 974 726 habemus
991 693 1165 747 compertum.
1185 679 1252 732 Vide

200 757 269 808 inira
278 777 302 807 v.
315 755 350 807 50
359 753 477 825 ejusdem
489 754 582 804 sarire.
597 781 632 790 -
646 753 745 825 Nuqoe,
756 751 784 802 id
794 766 846 816 est,
857 751 923 804 nihil
933 752 986 806 hoc
999 757 1061 825 agit.
1076 758 1148 829 Saepe
1158 760 1253 830 saepius

200 857 251 890 vox
262 837 360 890 usitata
373 837 401 886 in
413 852 535 886 sermone
545 832 644 897 latino,
657 845 687 882 ut
700 833 728 882 iu
741 831 855 902 gallico:
873 833 1021 906 bagatelles.

236 946 304 996 Nor.
316 941 340 995 5.
349 941 425 1004 Non,
433 941 455 992 εἰ
461 941 526 1012 quid
531 939 634 991 turbida
641 939 733 989 Roma.
742 967 778 976 —
787 939 901 991 Turbida
909 941 1006 1006 Roma,
1017 939 1044 992 id
1052 955 1105 1007 cst,
1113 943 1191 995 turba
1198 945 1254 996 lto-

201 1039 340 1074 manorum
353 1021 446 1071 anirnis
459 1021 486 1070 in
498 1017 599 1070 diversa
614 1013 811 1069 distractorum.
826 1019 868 1072 Sic
882 1022 951 1072 enim
966 1021 992 1070 in
1007 1039 1102 1090 magna
1111 1021 1179 1076 urbe
1190 1025 1255 1075 viri.

201 1117 253 1166 tur,
263 1102 326 1152 utin
336 1098 429 1164 turba,
439 1101 467 1149 in
477 1117 530 1170 qua
543 1095 665 1148 homiues
678 1117 705 1150 se
718 1111 812 1149 mutuo
822 1097 932 1151 trudunt
943 1099 1145 1171 impelluntqrre.
1157 1103 1255 1172 Saepius

202 1180 235 1233 de
250 1181 325 1232 urbis
339 1179 515 1230 incommodis
528 1192 677 1249 queruntur
690 1180 789 1230 satiricr
801 1177 890 1244 latini,
902 1177 936 1230 de
948 1181 1017 1230 vitiis
1028 1179 1148 1232 historici
1163 1182 1255 1254 philo·

201 1259 341 1332 sophique.
353 1257 420 1310 Vrde
432 1256 544 1308 Plinium
559 1255 724 1320 Secundum,
736 1254 782 1306 lib.
794 1257 833 1321 ll,
844 1257 927 1328 Epist.
942 1256 976 1308 ad
988 1257 1139 1309 Calvisium.

236 1365 301 1415 Nor.
322 1363 348 1414 6.
365 1360 473 1424 Elevet,
484 1359 589 1412 accedas
595 1382 605 1422 ,·
613 1378 754 1412 examenve
768 1360 911 1432 improbum
923 1362 951 1412 in
962 1361 1011 1412 itta
1025 1365 1135 1438 castiges
1147 1366 1254 1426 trutina.

202 1473 237 1482 -
250 1443 341 1510 Sermo
355 1441 521 1512 allegoricus.
533 1444 593 1492 llaec
606 1443 676 1493 enirn
690 1443 778 1492 omnia
791 1439 824 1492 ab
841 1454 896 1493 arte
909 1440 1075 1494 stathrnetica
1088 1446 1169 1514 petita
1184 1458 1254 1497 sunt.

201 1519 326 1586 Elevure,
336 1522 444 1592 proprie
453 1518 536 1572 levius
548 1519 648 1584 facere,
658 1521 734 1590 parri
745 1516 870 1590 pendere.
881 1520 1001 1571 Examen
1012 1534 1052 1572 est
1067 1520 1165 1592 lingula
1175 1541 1256 1594 super

203 1615 283 1670 scapo
293 1611 389 1649 erecta.
403 1599 459 1650 Hac
471 1611 567 1648 neutro
579 1595 724 1649 inclinante
738 1611 764 1648 et
779 1596 828 1648 sub
839 1615 904 1650 ansa
918 1597 1026 1664 latente,
1041 1612 1088 1650 aut
1100 1599 1168 1652 intra
1182 1601 1256 1654 tratti·

203 1697 264 1731 nom
275 1693 414 1744 manente,
426 1678 562 1751 aequalitas
570 1696 658 1730 rerum
665 1696 810 1749 pensarum
819 1679 976 1732 ostenditur.
985 1679 1062 1734 Unde
1069 1682 1143 1752 Virg.
1151 1681 1252 1734 AEneid.

202 1755 248 1808 lib.
262 1759 324 1824 Xll,
341 1778 364 1808 r.
382 1755 448 1828 725:

401 1846 500 1904 luppiter
507 1846 552 1904 ipsc
560 1847 614 1890 duas
620 1856 706 1904 oeqrrsto
714 1851 816 1892 examine
823 1847 895 1892 lances

401 1916 502 1958 Sustinet.

204 1991 316 2043 Tristius
326 1993 445 2044 foramen
458 2004 499 2043 est
509 1994 576 2044 intra
588 1989 662 2063 quod
672 1994 753 2062 vergit
764 1991 863 2062 lingula
874 2005 920 2043 aut
929 2010 1048 2045 examen.
1063 1995 1206 2068 eurupam,
1217 1995 1256 2046 uti

201 2087 276 2123 verus
290 2074 479 2144 interpretatur
501 2070 674 2138 scholiastes,
694 2087 733 2124 est
752 2072 834 2144 digito
848 2072 944 2124 libram
959 2087 1096 2144 percutere
1110 2089 1140 2126 ut
1154 2088 1256 2146 tempe-

202 2165 285 2216 retur,
297 2167 323 2204 at
334 2172 389 2224 prae
399 2155 542 2223 agitatione
554 2166 616 2224 post
628 2171 732 2223 equum
747 2156 928 2223 conquiescat.
941 2153 1103 2206 Sententiam
1118 2157 1198 2225 igitur
1208 2175 1257 2226 per

203 2231 399 2286 similitudinem
411 2235 512 2285 Persius
523 2236 666 2304 expressit:
679 2235 706 2286 si
719 2233 783 2304 quid
792 2234 870 2285 turba
882 2236 978 2285 civium
988 2235 1064 2305 parari
1077 2237 1257 2303 aestimaverit,

204 2331 236 2363 ne
249 2315 389 2365 accesseris
404 2312 438 2364 ad
453 2314 509 2382 ejus
524 2313 696 2376 sententiam,
709 2329 795 2383 neque
814 2314 955 2362 tentaveris
974 2330 1086 2382 pravum
1101 2311 1167 2363 illud
1182 2313 1256 2382 judi·

203 2391 272 2440 cium
283 2393 428 2460 corrigere,
439 2389 644 2460 examen,quod
652 2401 794 2439 estuatura
805 2407 853 2440 sua
861 2388 1014 2459 improbum
1022 2404 1103 2460 atque
1113 2393 1139 2441 in
1152 2409 1256 2462 aequum

203 2468 288 2520 redire
298 2489 351 2521 non
363 2482 466 2541 potest,
476 2469 632 2538 castigando
645 2471 672 2518 in
685 2471 783 2519 trutina
795 2470 991 2533 Romanorum
1004 2469 1145 2522 aliomotlo
1155 2493 1161 2522 ι
1172 2491 1255 2525 resne

201 2547 368 2618 perpendere
377 2545 537 2617 aggrediaris
545 2545 666 2598 lancibus
673 2548 780 2618 iniquis,
789 2541 886 2618 quibus
893 2549 978 2599 utitur
984 2547 1255 2623 popululerequen·

202 2629 255 2679 tior
267 2641 306 2680 est
318 2626 391 2700 apud
403 2639 497 2698 poetas
510 2623 589 2678 ducta
602 2622 647 2678 illa
660 2645 675 2677 a
688 2625 809 2678 lancibus
821 2625 987 2699 metaphora.

238 2736 305 2786 Nor.
321 2733 346 2785 6.
357 2733 684 2804 Nectequoesiverisextm.
698 2761 729 2773 -
743 2733 941 2803 Mollieratejns
952 2735 1085 2786 sententiae
1094 2733 1254 2806 rigiditatem

202 2813 328 2865 Horatius
343 2835 349 2864 z
372 2813 455 2864 «Non
476 2811 532 2863 aliis
549 2810 583 2863 de
602 2824 628 2862 te
643 2812 703 2883 plus
717 2830 797 2882 quarn
810 2811 859 2864 tibi
873 2811 996 2864 credas.»
1017 2812 1134 2864 Stoicum
1151 2813 1254 2868 redolet

202 2897 284 2964 magis
297 2895 377 2946 Persii
392 2910 491 2945 versus.
504 2893 613 2962 Legitur
623 2894 650 2943 in
661 2892 888 2966 Pythagoreorum
899 2891 986 2946 aureis
998 2893 1157 2948 carminibus
1171 2917 1177 2945 ι
1193 2894 1254 2951 mir·

201 2993 247 3024 nos
256 2975 284 3022 ds
291 2969 388 3042 μέμον’
398 2969 507 3038 airzeins
517 2973 615 3035 σιΐηοη
625 2986 706 3043 atquc
715 2975 743 3024 iu
753 2975 899 3024 stoicorum
909 2970 982 3026 libris
990 2992 1057 3044 saepe
1067 2975 1160 3046 saepius
1168 2995 1253 3028 recur-

203 3055 235 3106 rit
247 3046 339 3106 eadem
351 3057 488 3132 sententia.
501 3053 567 3107 vide
580 3053 753 3108 Euchiridion
764 3055 877 3125 Epicteti
887 3065 912 3106 et
924 3056 1069 3106 stoicorum
1083 3057 1187 3127 scripta.

232 3219 294 3264 Vns.
313 3217 334 3264 ll.
346 3220 406 3264 Nam
415 3220 493 3265 Romu
501 3221 553 3283 qur's
562 3233 606 3263 non
615 3233 643 3264 ae
654 3219 719 3282 sr‘firs
729 3219 802 3264 dicem
811 3219 852 3264 sed
856 3217 906 3280 fos.
919 3245 951 3254 -
961 3219 1015 3265 liare
1024 3229 1078 3265 sunt
1088 3233 1141 3282 quae
1152 3217 1253 3266 habeant

203 3285 308 3350 plerique
318 3289 382 3334 MSS.
397 3287 502 3343 codices,
512 3289 556 3332 nisi
568 3285 632 3349 quod
643 3295 669 3332 ot
680 3303 722 3348 pro
732 3303 758 3332 uc
768 3288 882 3332 interdum
892 3289 1030 3349 reperiatur.
1042 3286 1079 3332 Ah
1090 3291 1205 3334 correctio
1218 3291 1252 3334 ri·

203 3358 272 3403 detur
278 3373 327 3404 csse
334 3359 486 3420 interpretum
495 3356 653 3409 sartorum.
664 3358 716 3418 qui,
727 3371 799 3418 quum
809 3358 886 3402 omnia
897 3358 948 3417 ejus
955 3355 1112 3403 versusverba
1124 3359 1202 3403 Persio
1211 3359 1253 3404 tri·

202 3429 290 3485 busur,
300 3433 424 3493 minusque
433 3431 555 3477 conveniat
564 3445 591 3474 ae
600 3428 631 3474 sd
640 3445 732 3476 sensnm
742 3445 811 3493 quem
821 3441 959 3492 sequuntur,
973 3430 996 3474 in
1003 3429 1053 3489 ejtrs
1063 3428 1140 3474 locum
1150 3445 1252 3491 posuere

202 3501 247 3557 alr,
258 3503 338 3564 sicque
349 3502 455 3564 legerunt
466 3502 530 3548 hunc
540 3516 648 3548 versum:
660 3503 722 3546 Num
734 3503 810 3548 liomae
819 3505 870 3565 quis
882 3504 972 3548 ιιοηΡ...
983 3499 1027 3555 alr,
1035 3500 1102 3563 sifus
1112 3502 1201 3547 dicere!
1211 3503 1253 3547 sed

200 3572 251 3633 fus,
262 3586 307 3621 etc.
317 3575 374 3634 Quae
384 3574 480 3637 quidem
489 3573 558 3619 lectio
566 3588 613 3618 uon
623 3575 703 3634 inepta
714 3583 761 3628 est,
772 3574 876 3634 qrramvis
885 3571 915 3618 uls
924 3576 945 3618 sr'
952 3574 1028 3618 minus
1037 3573 1146 3617 usitatum
1154 3573 1182 3618 sit
1192 3588 1250 3634 pro:

203 3660 217 3688 o
227 3647 255 3689 si.
267 3649 296 3690 At
303 3661 359 3692 rero
369 3661 416 3690 nou
426 3643 535 3708 estquod
544 3645 672 3708 quidquam
683 3645 831 3690 immutemus
840 3643 916 3690 verbis
922 3659 974 3708 quae
984 3643 1165 3703 reperiunturin
1173 3643 1250 3698 MSS„

204 3713 222 3759 si
232 3715 302 3760 morlo
312 3731 404 3762 sensum
412 3715 514 3761 lrsbeant
521 3715 677 3781 probandum.
689 3714 782 3762 Habent
789 3727 879 3769 antem,
889 3715 928 3760 ubi
936 3714 967 3759 ad
974 3729 1040 3760 susm
1046 3727 1167 3772 personam
1178 3727 1250 3757 unum

203 3783 314 3846 quodque
324 3785 421 3832 verbum
432 3785 543 3840 refertur,
555 3797 624 3847 atque
634 3785 658 3828 iu
668 3783 732 3830 hunc
746 3785 842 3831 modum
855 3785 1005 3846 distinguitur
1017 3800 1023 3829 ε
1039 3783 1099 3827 Nom
1112 3781 1188 3826 &mse
1198 3785 1250 3845 quis

204 3870 261 3902 riou.
271 3857 307 3899 ..P
318 3879 350 3892 —-
365 3859 400 3904 Ac
409 3857 474 3921 sifirs
485 3859 570 3904 dream.
578 3891 584 3902 .
592 3857 616 3901 ,Ρ
625 3878 657 3891 -
667 3856 769 3919 Sedfas,
780 3870 824 3904 etc.
834 3859 881 3918 Qui
890 3855 996 3916 dialogus
1005 3867 1080 3918 neque
1090 3851 1201 3899 latinitate
1211 3869 1249 3898 ca-

203 3939 252 3981 ret,
268 3941 343 3990 neque
353 3933 459 3976 veritate.
474 3931 609 3977 Sermonem
624 3931 737 3992 arripiens
753 3943 852 3992 urerque
866 3929 1010 3974 adversarius
1026 3940 1106 3972 vocem
1119 3925 1250 3972 adversario

204 3999 349 4062 praeludere
363 4013 469 4048 conatur.

239 4097 306 4148 Nor.
320 4099 345 4150 8.
357 4099 426 4150 Nam
434 4101 674 4172 Romoequisnoni.
684 4140 704 4152 ..
717 4129 752 4142 -
763 4101 830 4153 Acss'
834 4099 881 4172 fas
889 4097 1078 4149 dicere...?-
1090 4095 1142 4148 Sed
1147 4097 1200 4168 sas.
1212 4125 1249 4136 -
