3052 4854
391 464 573 531 saulum
596 463 762 527 rmum
785 449 1021 530 insulsis.
1193 465 1231 529 13

182 605 213 654 et
230 587 311 651 illud
328 587 516 650 recitationis
536 607 654 668 genus,-
679 587 788 646 Romae
807 598 883 646 tuuc
903 588 1052 669 temporis
1072 587 1234 648 usitatissi-

182 671 290 760 mam,
311 685 418 746 festus
440 683 602 759 amuis,
625 683 675 760 rs,
695 683 742 744 23.
763 719 803 730 -
828 681 913 760 Quia
932 684 1029 764 igitur
1045 681 1135 764 juvat
1154 683 1234 745 aias-

183 786 272 861 cisse,
292 783 401 865 objicit
418 785 523 846 Persio
543 782 748 858 adversarius,
767 784 792 843 si
806 781 952 844 reticeas?
966 781 1023 858 ad,
1041 785 1088 843 26.
1107 817 1147 830 -
1162 785 1234 845 Non

184 885 224 946 ad
246 885 484 945 ostentationem
500 881 706 959 studendum,
729 881 822 942 resen
842 895 957 958 noster,
975 895 1006 942 et
1027 881 1110 943 valet
1130 903 1234 964 perse
1324 873 1327 886 ’

184 982 339 1058 doctrina,
351 1003 404 1063 27,
415 984 463 1042 28.
476 1017 516 1028 -
527 983 567 1041 At
575 982 659 1044 enim
669 980 841 1064 gloriosum
851 981 939 1041 estin
948 1001 1002 1040 ore
1009 981 1122 1042 versari
1134 979 1235 1042 bomi-

184 1103 276 1158 num,
290 1085 325 1143 in
337 1079 449 1142 scholis
460 1081 609 1142 tractari..
617 1124 640 1142 ..
653 1113 694 1130 -
707 1093 737 1140 et
747 1079 869 1140 laudari
885 1101 903 1139 a
917 1079 1028 1140 saturis
1039 1077 1223 1140 bominibus

184 1179 228 1238 ait
243 1179 378 1252 Persius3
395 1176 469 1238 binc
485 1176 628 1260 videlicet
645 1177 704 1238 erit
714 1190 806 1258 poeta
824 1174 898 1236 felix
915 1187 946 1236 et
963 1173 1158 1236 immortalis.
1174 1176 1235 1237 Hic

182 1277 377 1337 recitationes
395 1275 538 1357 depingit
554 1288 584 1335 et
604 1274 685 1335 ridet
697 1269 767 1356 quta
785 1276 819 1334 in
840 1273 974 1334 divitum
991 1287 1236 1356 magnatumque

183 1375 335 1436 conviviis
345 1372 635 1456 frequentabantur,
647 1375 701 1449 28,
712 1370 763 1450 lo.
776 1409 815 1422 -
827 1373 946 1434 locaris
957 1386 988 1435 et
999 1373 1115 1433 nimius
1126 1394 1171 1448 es,
1186 1371 1235 1432 di·

183 1486 231 1532 cet
244 1471 295 1532 ille
305 1469 384 1531 mihi
396 1471 575 1553 propositus
585 1469 792 1543 adversarius3
807 1471 877 1551 quis
891 1483 935 1530 est
949 1471 1033 1530 enim
1046 1470 1100 1551 qui
1112 1468 1194 1530 nolit
1204 1489 1235 1530 se

184 1569 251 1630 fieri
262 1591 319 1652 per
331 1569 444 1653 scripta
460 1567 691 1630 immortalem?
701 1568 756 1646 do,
767 1567 816 1644 43.
829 1603 869 1615 -
882 1569 955 1628 Non
966 1589 1024 1650 ego
1037 1569 1062 1628 si
1074 1567 1151 1649 quid
1163 1589 1236 1650 pos·

183 1669 241 1728 sim
252 1667 409 1729 laudabile
420 1667 566 1744 scribere,
591 1667 751 1751 respondit
763 1681 870 1750 poeta,
881 1666 1003 1727 laudari
1015 1679 1169 1740 metuam3
1184 1666 1236 1727 sed

184 1765 263 1828 nihil
283 1767 322 1828 ad
341 1788 446 1828 veram
467 1766 601 1848 gloriam
614 1767 780 1829 conferunt
796 1766 903 1827 laudes
918 1765 1023 1848 turpia
1039 1765 1235 1840 mirantium,

182 1859 238 1940 dd,
254 1865 302 1925 53.
314 1863 464 1946 -‚Quid‚
483 1865 570 1946 quod
589 1879 748 1947 magnates
766 1863 908 1925 venalem
926 1861 1102 1924 auditorem
1117 1862 1235 1924 condu-

184 1975 259 2022 cunt
269 1975 351 2023 veste
363 1977 417 2023 aut
433 1962 589 2045 prandio?
606 1955 634 2023 0
646 1983 801 2046 proceres,
817 1961 981 2036 exclamat,
992 1961 1112 2022 noscite
1122 1981 1195 2036 vos,
1207 1973 1237 2020 et

184 2058 594 2121 caveteabassentatoribus.
603 2060 748 2138 Quaeritis
756 2058 833 2140 quid
841 2057 878 2118 de
885 2058 1006 2140 scriptis
1013 2059 1119 2118 vestris
1126 2057 1238 2118 sentiat

183 2152 340 2236 populus?
350 2154 476 2215 Fallunt
485 2175 558 2230 vos,
574 2156 628 2236 qui
643 2169 772 2215 narrant
786 2153 941 2237 populum
952 2155 1060 2214 mirari
1072 2174 1176 2215 versus
1187 2153 1237 2215 vel

183 2249 298 2312 fractos
314 2266 344 2312 et
361 2253 491 2328 inertes,
508 2253 556 2313 vel
572 2253 731 2334 turgidos3
749 2265 803 2312 aut
819 2253 884 2335 ipse
899 2250 1019 2312 fallitur
1037 2250 1191 2334 populus,
1210 2253 1237 2312 si

184 2351 325 2426 miratur,
337 2350 389 2426 53,
404 2352 453 2412 68.
469 2351 609 2413 —Nunc
621 2347 842 2410 adolescentuli
859 2371 877 2408 a
893 2348 1072 2410 scholarum
1084 2347 1237 2410 declama·

183 2446 324 2505 tionibus
342 2445 382 2505 ad
400 2464 558 2506 summum
574 2443 722 2527 quodque
739 2465 869 2526 poeseos
886 2464 983 2524 genus
1002 2445 1064 2503 cito
1081 2458 1236 2506 transcur-

185 2555 275 2616 runt,
287 2542 342 2621 69,
357 2543 405 2620 75.
421 2577 459 2586 -
473 2543 562 2600 Nunc
577 2542 711 2622 pessima
725 2561 857 2623 quaeque
870 2539 1054 2622 aequalium,
1070 2555 1101 2602 et
1111 2542 1236 2604 desueta

185 2653 323 2700 veterum
333 2659 428 2720 opera
437 2639 592 2698 mirantur
599 2637 704 2698 stolidi
713 2652 868 2721 parentes,
878 2653 1124 2722 proponuntque
1133 2644 1236 2724 pueris

184 2735 270 2798 velut
280 2736 482 2818 exemplaria,
493 2737 546 2818 76,
559 2738 608 2798 80.
619 2769 659 2784 -
670 2737 753 2799 Hinc
766 2739 916 2800 orationis
928 2740 1104 2822 corruptela
1115 2741 1236 2803 invecta

185 2847 245 2908 est3
258 2831 332 2894 binc
344 2835 470 2916 ineptiae
483 2834 642 2910 oratorie,
655 2855 725 2916 qua
738 2836 772 2894 in
784 2834 900 2896 deliciis
918 2834 1084 2912 habentur,
1096 2858 1174 2919 quas
1188 2859 1235 2900 re-

185 2933 315 3013 quirunt
327 2932 471 3013 patroni,
482 2930 631 3012 neglectis
642 2931 803 2993 clientium
820 2933 884 2993 vita
898 2946 931 2992 et
944 2933 1097 3011 fomunis,
1116 2936 1170 3012 80,
1184 2956 1233 3018 9¹·

188 3061 226 3078 -·
237 3029 357 3088 atvero
369 3025 529 3110 politiores
539 3040 569 3088 et
580 3029 752 3089 ornatiores
765 3042 839 3090 sunt
849 3030 1016 3112 equalium
1025 3052 1129 3094 versus
1141 3053 1236 3115 quam

185 3125 337 3208 priorum.
356 3125 426 3186 Hoc
440 3125 533 3184 variis
548 3124 736 3207 famosisque
750 3125 868 3187 ridetur
880 3127 1036 3210 exemplis.
1051 3128 1122 3205 Quo
1137 3129 1236 3208 facto,

182 3221 335 3304 judicium
346 3222 384 3284 de
396 3223 483 3283 omni
500 3224 709 3284 recentiorum
718 3225 870 3306 scriptura
881 3245 972 3285 suum
984 3228 1082 3311 aperit
1096 3231 1236 3306 Persius,

185 3341 242 3402 92,
258 3322 324 3384 soli.

225 3421 284 3481 llic
292 3421 483 3484 adversarius
492 3443 559 3486 non
565 3422 803 3486 benesebabere
812 3426 919 3486 Romoe
928 3425 1057 3504 litteras,
1068 3441 1235 3494 etccnsura

186 3515 298 3598 dignos
316 3539 379 3580 esse
397 3521 560 3603 scriptores
573 3521 620 3582 vel
638 3524 749 3584 tacitus
764 3521 886 3586 fatetur.
903 3525 1073 3586 Contendit
1087 3548 1162 3589 vero
1182 3551 1234 3612 pe-

186 3615 319 3676 riculum
343 3637 406 3678 esse
426 3619 553 3679 satiram
577 3620 798 3698 scribentibus,
828 3643 901 3705 107,
926 3643 991 3684 rro.
1011 3655 1050 3670 -·
1065 3624 1235 3708 Respondit

188 3711 324 3774 Persius:
346 3730 375 3775 ι·
386 3736 443 3799 per
458 3717 610 3792 ironiam3
622 3739 713 3800 ergo,
727 3720 844 3801 inquit,
857 3721 965 3781 omnia
976 3721 1076 3803 probe
1087 3736 1193 3798 erunt,
1205 3737 1235 3784 et

187 3810 344 3888 miranda,
360 3827 390 3874 et
405 3835 500 3876 sacra.
521 3815 554 3875 2⁰
568 3819 628 3878 Per
645 3817 785 3901 exempla
802 3817 914 3879 Lucilii
931 3819 1134 3902 Horatiique3
1145 3820 1235 3884 liceat

186 3903 265 3984 mihi
285 3907 367 3968 idem
382 3912 469 3992 quod
485 3911 562 3987 illis,
583 3933 655 3988 no,
675 3934 741 3995 ¹¹9·
756 3949 795 3960 -
810 3915 958 3993 Minime,
972 3937 1036 3999 ¹¹9·
1052 3949 1090 3964 -
1103 3919 1141 3976 At
1152 3933 1235 3982 vates

186 4005 274 4084 quasi
284 4010 436 4089 propositi
446 4011 558 4088 victor,
568 4012 709 4094 jurisque
717 4015 765 4075 sui
774 4012 887 4090 factus,
897 4017 1159 4097 etseseripturum
1167 4017 1233 4100 pol-

185 4097 310 4178 licetur,
320 4116 350 4164 et
361 4107 400 4165 ad
412 4110 538 4170 satiram
549 4123 640 4171 vocat
650 4110 796 4188 lectores,
808 4113 914 4195 quales
925 4113 998 4174 velit
1010 4112 1123 4176 habere
1132 4115 1234 4199 pbilo-

186 4196 303 4281 sophus
316 4215 347 4262 et
357 4203 406 4264 vir
415 4205 548 4288 probus,
563 4229 634 4285 rao,
650 4207 715 4285 134.
