3052 4854
481 369 652 435 sarrire
675 369 904 438 sonuum.
952 452 955 460 ,
1173 380 1215 468 7³

171 501 300 571 Idcirco
311 497 468 566 stolidam
481 497 609 591 praebet
619 497 680 566 tihi
692 498 816 589 vellere
826 499 966 570 barbam

172 612 327 704 Jupiter?
338 625 397 676 aut
408 605 571 703 quidnam
582 625 646 691 est,
659 633 725 704 qua
735 626 774 678 tu
786 609 942 679 mercede
953 610 1093 682 deorum

172 724 301 792 Emeris
312 719 674 815 auriculas?pulmone
687 739 721 791 et
731 721 874 792 lactibus
885 725 1018 792 unctis?
1185 738 1221 794 3ο

217 836 476 916 Ecoeavimaut
486 848 641 901 metuens
654 833 771 902 divum
781 849 977 917 matertera,
988 839 1084 905 cunis
1228 817 1231 828 Ι

172 947 305 1013 Exemit
314 969 474 1037 puerum,
487 945 702 1041 frontemque
712 961 815 1042 atque
826 945 894 1014 uda
905 945 1026 1016 labella

175 1056 295 1126 infami
306 1057 456 1150 digitoet
466 1054 662 1125 lustralibus
674 1073 753 1126 ante
765 1057 878 1126 salivis

175 1171 308 1262 Expiet,
321 1185 458 1238 urentes
469 1165 585 1238 oculos
598 1167 750 1238 inhibere
762 1171 885 1263 perita:

174 1273 273 1348 'I'unc
283 1278 440 1347 manibus
452 1281 575 1374 quatit,
589 1294 624 1346 et
635 1303 730 1372 spem
742 1303 893 1349 macram
905 1278 1058 1373 supplice
1069 1297 1148 1349 voto
1190 1285 1224 1342 3⁵

174 1396 272 1458 Nunc
284 1392 390 1458 Licini
400 1392 436 1456 in
447 1413 602 1482 campos,
614 1412 707 1458 nunc
718 1393 830 1458 Crassi
841 1392 945 1458 mittit
955 1392 993 1456 in
1004 1386 1110 1459 redes!

175 1506 275 1568 Hunc
285 1517 403 1595 optent
414 1524 576 1593 generum
587 1524 648 1568 rex
660 1517 693 1569 et
704 1504 837 1594 regina!
851 1500 974 1596 puellae

174 1617 273 1680 Hunc
284 1614 433 1704 rapiant!
448 1609 614 1707 quidquid
625 1610 820 1696 calcaverit,
833 1610 889 1680 hic
900 1635 978 1680 rosa
991 1610 1067 1678 fiat!
1079 1663 1086 1678 .
1099 1665 1105 1678 .
1118 1662 1124 1677 .

176 1728 237 1790 Ast
247 1745 310 1814 ego
321 1723 445 1790 nutrici
456 1745 527 1790 non
538 1720 664 1789 maudo
676 1739 771 1790 vota:
785 1738 908 1816 negato

175 1837 309 1928 Jupiter
319 1831 634 1928 haecilli,quamvis
647 1848 679 1901 te
691 1832 803 1901 albata
813 1836 949 1926 rogarit.
1193 1843 1228 1909 40

223 1946 337 2012 Poscis
348 1967 448 2038 opem
461 1947 573 2012 nervis
585 1967 778 2040 corpusque
789 1943 889 2012 fidele
901 1957 1057 2012 senectae.

179 2059 278 2137 Esto,
291 2077 353 2146 age
365 2080 371 2120 :
385 2053 445 2122 sed
457 2051 601 2146 grandes
613 2055 738 2145 patinae
748 2070 930 2148 tucetaque
941 2073 1055 2120 crasse

178 2259 300 2320 videtur
310 2259 430 2341 Jupiter
441 2279 473 2320 se
482 2257 540 2319 tibi
552 2257 758 2319 deridendum
773 2279 828 2340 per
841 2257 988 2318 stolidam
1002 2254 1230 2336 indulgentiam

180 2355 366 2437 prebuisse?
377 2357 451 2431 dut,
464 2355 541 2436 quid
554 2354 681 2414 tandem
691 2369 749 2432 est,
762 2375 827 2436 quo
838 2367 873 2415 tu
883 2354 986 2435 pretio
998 2351 1130 2410 deorum
1142 2371 1231 2411 aures

181 2455 221 2514 sis
239 2451 408 2514 mercatus?
425 2450 581 2530 numquid
597 2451 732 2510 victimae
747 2449 899 2532 puimone
917 2461 948 2508 et
964 2445 1134 2530 pinguibus
1154 2446 1231 2505 inte·

181 2549 288 2611 stinisi

221 2649 269 2708 31.
280 2650 370 2709 Parte
376 2644 451 2722 alia,
459 2667 526 2706 ecce
534 2648 619 2724 avia,
629 2658 684 2708 aut
693 2649 903 2730 superstitiosa
910 2666 988 2708 anus
995 2641 1231 2728 cognata,toliit

180 2744 333 2805 infantem
345 2765 362 2804 e
373 2744 475 2818 cunis,
491 2755 522 2804 et
538 2745 641 2825 primo
653 2744 790 2806 frontem
803 2745 869 2828 ejus
879 2743 1053 2826 labellaque
1068 2740 1231 2802 humentia

178 2843 288 2905 lustrat
298 2841 397 2924 digito
410 2842 514 2904 medio
524 2841 628 2904 salivis
640 2843 784 2904 madente
793 2844 1004 2927 expiantibus,
1021 2841 1111 2904 docta
1121 2838 1232 2924 prohi-

179 2942 251 3003 bere
267 2940 488 3002 fascinantium
503 2941 620 3003 oculos.
638 2940 759 3002 Deinde
777 2942 941 3003 lustratum
957 2961 1090 3024 puerum
1107 2941 1232 3000 motitst

180 3040 339 3116 manibus,
351 3051 382 3099 et
392 3037 505 3099 humili
522 3040 700 3122 precatione
709 3061 795 3122 spem
806 3038 888 3101 hanc
902 3041 1101 3122 perexiguam
1110 3037 1233 3100 inducit

180 3138 276 3201 modo
293 3138 327 3199 in
339 3137 450 3198 Licinii
463 3159 568 3219 agros,
583 3137 680 3199 modo
691 3140 724 3197 in
735 3137 814 3200 ades
824 3138 939 3213 Crassi,
956 3141 975 3198 i.
991 3159 1031 3214 e,
1047 3150 1112 3198 emt
1126 3139 1154 3197 ei
1164 3157 1231 3219 opes

180 3237 385 3300 ditissimorum
396 3240 596 3313 caldemarus,
608 3247 813 3320 precaturque
822 3247 858 3298 nt
867 3256 939 3298 eum
948 3236 1008 3297 sibi
1020 3257 1168 3318 generum
1179 3234 1232 3297 ha·

180 3337 253 3398 bere
266 3336 364 3396 velint
379 3357 464 3417 reges
480 3348 511 3396 et
526 3335 658 3417 reginae,
677 3336 826 3396 maritum
842 3334 951 3416 puella
963 3354 1087 3411 omnes,
1106 3333 1232 3417 ejusque

182 3434 329 3516 vestigiis,
339 3453 538 3514 quocumque
548 3433 631 3507 ierit,
643 3451 721 3493 rosae
731 3432 988 3493 innascanturi...
1001 3432 1067 3513 Ego
1078 3450 1151 3491 vero
1161 3451 1232 3490 mu·

183 3530 342 3593 lierculam
354 3529 454 3590 nolim
462 3529 496 3590 id
503 3529 562 3590 sibi
570 3527 706 3588 muneris
717 3548 883 3606 assumere,
893 3540 930 3589 ut
935 3541 1008 3589 vota
1019 3547 1117 3609 puero
1129 3525 1231 3588 iaciat.

182 3629 210 3688 Ο
228 3629 363 3712 Jupiter,
382 3628 439 3688 ista
458 3625 503 3687 illi
521 3626 688 3706 denegato,
707 3626 850 3707 quamvis
868 3637 898 3685 te
917 3623 996 3685 albis
1014 3623 1169 3704 rogaverit
1188 3622 1233 3680 in·

183 3724 258 3785 duta
266 3726 410 3786 vestibus.

223 3819 271 3896 dr.
293 3822 429 3882 Precaris
444 3843 461 3882 a
478 3789 543 3882 Diis¹
558 3841 725 3880 nervorum
740 3822 805 3882 vim
818 3832 849 3882 et
862 3841 975 3904 corpus
991 3814 1076 3899 quod
1095 3815 1129 3874 in
1146 3831 1230 3874 sene·

184 3929 268 3978 ctute
279 3939 344 3979 non
361 3917 490 3980 deficiat
502 3921 582 3980 Bene
598 3918 708 3992 haben
728 3941 799 4001 age,
809 3919 872 4000 fias
888 3920 947 3979 uoti
963 3934 1102 3994 compos:
1121 3931 1230 3972 verum

185 4019 249 4077 istae
261 4021 294 4077 in
306 4018 501 4098 amplissimis
513 4017 652 4079 lancibus
664 4037 738 4081 esca
748 4030 779 4079 et
790 4017 922 4101 pinguia
930 4012 1094 4076 farcimina
1103 4029 1169 4070 non
1179 4030 1231 4090 pa·
