3052 4854
159 385 1201 418 m

427 605 637 685 SATIRAE
669 604 931 687 SECUNDAE

534 826 828 884 ARGUMENTUM.

199 1027 355 1090 Ditissima
371 1041 417 1090 est
434 1029 475 1091 ad
493 1027 730 1113 Philosophiam
753 1031 938 1112 Poesimque
958 1030 1088 1091 materia
1107 1030 1206 1091 divini

159 1124 258 1186 cultus
267 1124 811 1208 ignoratioethominuminorando
819 1127 948 1190 numine
957 1128 1107 1212 impietas.
1115 1129 1207 1189 Hunc

157 1218 1206 1307 iocum,GraecisLatinisquescriptoribusnonsemeltractatum,sui
1322 1235 1326 1246 '

154 1318 234 1400 juris
248 1341 333 1382 nunc
343 1319 420 1384 facit
429 1324 564 1402 Persius,
579 1335 609 1384 et
621 1322 719 1385 ferme
731 1335 833 1384 totum
847 1325 955 1406 paucis
968 1324 1107 1386 versibus
1120 1344 1207 1385 eom-

156 1415 309 1498 plectitur.
328 1419 434 1501 Neque
449 1420 532 1479 enim
549 1417 651 1480 solum
667 1419 819 1482 simulatae
834 1419 1002 1480 sanctitatis
1017 1421 1164 1502 speciem,
1178 1433 1209 1480 et

157 1514 192 1572 in
203 1514 323 1576 orando
335 1515 521 1598 nequitiam,
535 1516 839 1598 nundinationesque
851 1515 925 1577 deos
936 1516 1017 1576 inter
1025 1529 1056 1576 et
1065 1514 1209 1577 homines

159 1611 327 1688 institutas,
346 1625 376 1675 et
394 1615 618 1698 superstitiosos
637 1615 672 1676 in
686 1613 830 1698 precibus
846 1611 1057 1696 concipiendis
1070 1613 1162 1693 ritus,
1179 1628 1209 1676 et

159 1721 332 1788 pugnantes
346 1710 427 1772 inter
439 1731 470 1772 se
483 1711 603 1795 sibique
616 1711 689 1796 ipsis
699 1711 870 1773 contrarias
881 1711 1071 1794 precationes
1082 1711 1209 1794 exponit

158 1815 188 1864 et
198 1807 331 1888 exagitat
345 1831 353 1866 ι
369 1829 477 1870 verum
496 1807 563 1871 haec
582 1810 689 1872 omnia
709 1810 799 1872 docet
819 1808 904 1870 unde
922 1808 1158 1892 proficiscantur
1179 1823 1209 1870 et

158 1902 271 1983 quibus
282 1903 322 1964 ab
336 1905 491 1967 erroribus
504 1907 785 1992 cupiditatibusque
799 1908 915 1970 ducant
926 1908 1090 1989 originem.
1106 1907 1207 1966 Immo

158 1997 267 2074 etiam,
276 2003 419 2062 exhcmis
430 2003 581 2080 versibus,
594 2003 688 2087 plane
699 2006 814 2081 aureis,
826 2003 1001 2067 doctrinam
1008 2003 1132 2066 devotis
1141 2004 1207 2064 Deo

158 2093 338 2173 gratissimis
349 2119 450 2160 veram
463 2098 688 2182 honestamque
698 2097 872 2182 profitetur.

419 2525 638 2603 SATIRAE
667 2526 946 2604 SECUNDAE

582 2719 778 2774 Anantsts.

197 2897 356 2974 Macrino,
371 2897 472 2958 amico
491 2917 566 2976 tuo,
587 2895 669 2958 diem
691 2897 826 2960 natalem
845 2909 876 2959 et
893 2899 1011 2958 bonam
1032 2897 1066 2956 in
1084 2899 1205 2962 orando

157 2996 287 3057 numine
299 3005 433 3056 mentem
445 2996 567 3058 Persius
578 2993 766 3078 gratuletur,
782 2994 855 3071 md.
872 3031 910 3041 -
931 2993 1008 3056 Inde
1019 2995 1145 3078 satiram
1158 2998 1205 3058 in-

156 3092 255 3154 tendit
270 3093 304 3152 in
319 3105 392 3153 vota
409 3112 572 3176 precesque
589 3089 766 3152 hominum.
784 3092 826 3152 Ac
843 3091 949 3174 primo
964 3090 1066 3172 tangit
1083 3093 1205 3172 eosqui

158 3203 295 3252 sanctam
312 3211 378 3274 prae
397 3211 428 3252 se
452 3191 558 3254 ferunt
579 3191 613 3251 in
630 3191 711 3253 votis
731 3188 933 3266 modestiam,
955 3189 1042 3250 taciti
1056 3209 1131 3250 vero
1151 3211 1205 3250 ne·

157 3288 235 3350 faria
258 3298 445 3371 precanturz
470 3307 605 3370 quorum
628 3285 762 3348 occultas
782 3306 885 3369 preces
905 3284 1015 3366 retegit
1040 3284 1206 3366 recitatqne

157 3385 331 3463 irridendo,
347 3387 380 3462 5,
394 3385 439 3446 16.
451 3417 490 3432 ·-
505 3385 586 3444 tum
597 3396 688 3444 vocat
701 3381 740 3443 ad
754 3381 888 3444 calculos
901 3383 988 3444 istius
1001 3379 1088 3442 modi
1100 3379 1205 3443 homi-

159 3504 227 3559 nes,
237 3483 291 3565 qui
303 3493 412 3567 petent
422 3504 440 3544 a
450 3483 534 3560 Diis,
546 3501 616 3564 quoe
630 3481 764 3564 pessimo
776 3480 887 3568 cuique
898 3499 965 3540 non
976 3476 1113 3539 audeant
1122 3499 1206 3538 com·

159 3580 292 3642 mittere·
284 3583 488 3664 quinomen
496 3591 552 3642 aut
559 3589 762 3642 contemnant
766 3577 859 3660 quia
866 3575 1043 3637 nonstatim
1052 3576 1207 3657 experian-

159 3676 282 3759 tureJ'ns
290 3678 475 3757 vindictam,
491 3690 546 3740 aut
556 3675 714 3740 sacrifieiis
723 3675 884 3759 corrumpi
897 3693 987 3759 posse
1001 3671 1204 3746 arbitrentur,

164 3797 214 3858 17,
231 3775 333 3835 30.-
349 3778 420 3836 Jam
433 3775 656 3876 superstitiosas
669 3772 847 3856 aggreditur
860 3769 1076 3841 eoeremonias,
1091 3766 1205 3849 quibus

159 3871 267 3933 inania
283 3871 370 3933 bona
388 3872 577 3935 muliercula
597 3845 698 3955 pueris
720 3881 863 3954 exoptare
881 3868 997 3944 solent,
1018 3866 1070 3941 31,
1090 3861 1204 3938 4ο.-

159 3967 301 4052 Demque
310 3989 478 4050 quominus
486 3981 633 4033 votorum
644 3977 800 4052 compotes
809 3965 921 4026 fiant
892 3984 971 4048 tpsr
963 3957 1205 4044 impedimento

159 4078 231 4126 sunt
243 4066 302 4128 sibi
313 4064 455 4130 homines
466 4091 474 4130 ι
486 4068 538 4132 alii
550 4067 673 4130 firmem
685 4065 894 4129 valetudinem
906 4072 1041 4136 orantes,
1056 4059 1204 4141 intempe-
