3052 4854
479 427 528 490 IN
553 425 764 492 SATIRAM
787 428 990 495 PRIMAM.
1215 437 1258 504 53

211 555 285 617 guims
295 567 321 598 nc
330 552 360 598 de
371 549 526 614 precedenti,
537 564 610 612 quoru
619 548 659 596 aiii
668 561 780 597 censeant
788 558 864 598 totum
873 563 923 598 esse
932 555 1034 600 auotoris
1042 569 1112 618 quem
1122 562 1196 624 carpit
1206 564 1259 610 Per·

210 625 270 678 sius,
288 620 326 667 siii
338 619 384 666 hoe
397 619 496 666 verbum
507 621 539 665 sic
553 619 657 666 tribuant
667 619 753 667 Persio.
767 622 854 667 Neutra
868 621 925 669 mibi
935 626 1051 670 sententia
1066 628 1119 674 satis
1132 631 1258 692 probatur;

209 707 282 756 qum
295 691 327 738 ob
341 705 436 738 elutum
451 689 510 735 inim
525 687 623 738 docebo.
638 690 754 737 Caeterum
768 687 827 738 nihii
839 692 870 738 ad
883 691 929 740 boo
943 692 1002 740 lueis
1015 697 1084 742 estin
1098 703 1260 764 manum'pti,

210 761 285 808 t'odd.
295 785 328 798 -
336 760 488 808 casaubonus
501 774 526 806 se
538 759 654 806 invenisse
669 759 725 806 dicit
739 772 820 808 contro
831 761 901 810 fldem
912 775 1019 810 veterum
1029 767 1228 828 membranarum,
1244 789 1261 820 a

209 835 304 881 Poeliim
312 848 357 897 Pt⁰
367 833 494 896 limm-
505 831 551 878 Ubi
560 832 691 888 invenerit,
701 847 777 896 qum
787 834 878 882 rarione
886 831 1070 899 interpretetur,
1080 839 1139 885 nihii
1147 855 1234 890 monet.

245 939 313 992 Non.
332 936 1260 1015 9⁵-SicoostamionposttbduaeimusApennino.-Obsouraieotions‚
1367 970 1370 976 ·

210 1036 303 1074 sensns
317 1033 357 1072 est
369 1020 513 1072 obscurus:
531 1042 543 1066 ι
553 1021 631 1072 Hune
642 1038 763 1086 versum,
774 1019 815 1072 ait
824 1021 934 1096 Konip,
947 1023 1027 1093 pinne
1040 1043 1096 1076 non
1107 1026 1234 1098 intelligo.
1246 1049 1258 1075 s

209 1103 386 1155 -Metsnno
394 1100 451 1154 bne
458 1100 549 1154 omnin
558 1099 637 1153 verba
647 1119 664 1154 a
673 1101 870 1174 Berecynthiam,
881 1121 966 1176 usqne
977 1104 1012 1156 ad
1018 1104 1174 1178 Apennino,
1182 1110 1260 1162 nnius

210 1183 342 1247 suntor-is,
356 1181 435 1233 nnius
446 1180 547 1233 tenoris
564 1197 621 1232 esse
638 1179 792 1246 arbitratur,
807 1194 834 1232 et
849 1183 877 1234 in
893 1181 967 1235 huno
981 1183 1091 1236 modum
1105 1184 1260 1258 distinguit:

209 1260 395 1332 berecynthius
401 1260 491 1326 Attin,
501 1261 581 1331 etqui
588 1259 726 1312 comum
736 1259 877 1313 dirimebat
884 1261 968 1314 Nema
978 1263 1109 1336 Delphin:
1119 1269 1155 1320 sie
1163 1279 1260 1320 costam

97 1371 106 1396 s
210 1339 289 1414 ionpo
299 1339 464 1392 subdutimsu
473 1337 624 1411 Apennino.
640 1339 689 1409 ogi
702 1352 780 1411 putat
794 1339 828 1392 de
842 1341 936 1393 itinere
950 1343 1096 1410 maritimo,
1112 1344 1186 1416 quod
1200 1365 1262 1398 eon-

209 1422 322 1476 fecerint
334 1421 441 1495 qnidnm
453 1419 605 1474 sacerdotes
616 1439 649 1474 ex
660 1419 753 1474 ordine
765 1421 889 1494 Cybeles,
902 1434 948 1474 sut
959 1422 1041 1488 Galli3
1055 1438 1136 1498 atquo
1147 1425 1200 1479 hoo
1212 1430 1262 1480 iter

210 1506 361 1575 comparari
368 1522 429 1556 oum
436 1503 539 1568 itinere,
547 1501 618 1575 quod
627 1501 702 1554 Attin
711 1499 941 1575 ejusqueDelpbin
950 1506 1050 1557 emensi
1056 1507 1173 1559 inerunt.
1183 1509 1260 1561 Hune

210 1584 246 1634 ait
261 1601 318 1634 esse
330 1600 451 1636 sensnm:
465 1599 538 1633 mare
549 1581 689 1648 tenuimus,
703 1591 734 1632 ut
746 1582 821 1634 Attin
834 1591 962 1653 patronus
975 1595 1070 1652 noster,
1083 1597 1113 1638 ut
1126 1585 1260 1658 Delphin,

210 1681 285 1735 quem
296 1661 366 1721 idern
376 1661 422 1714 iile
429 1661 504 1715 Auis
517 1662 642 1715 Snbozius
651 1671 738 1714 notter
743 1661 884 1734 produxin
895 1673 974 1736 atque
985 1664 1022 1714 itn
1034 1661 1112 1738 ionqo
1124 1665 1262 1738 Apennini

209 1741 282 1795 dorso
297 1751 392 1794 costam
405 1740 540 1814 (parton)
552 1740 704 1812 eripuimus.
717 1744 805 1809 Quom
819 1739 990 1794 eruditissimi
1003 1741 1119 1797 hominis
1132 1746 1263 1816 interpre-

209 1823 337 1874 tationem
351 1822 446 1896 Ksenip
462 1839 518 1874 non
534 1820 652 1890 admisit,
670 1823 717 1893 qui
731 1821 835 1884 retuiit;
849 1835 889 1888 et,
906 1835 935 1874 nt
949 1823 1054 1893 opinor,
1063 1824 1131 1891 jere.
1144 1853 1180 1864 -
1189 1825 1260 1892 Quid

209 1903 325 1954 sentiam
335 1901 369 1954 de
380 1901 494 1974 bujnsoe
502 1921 593 1955 versus
605 1903 669 1954 vitio
681 1901 797 1973 Scaliger
809 1915 836 1955 et
847 1901 1031 1968 casaubonus,
1040 1905 1096 1973 jem
1110 1921 1191 1975 supra
1203 1921 1261 1956 me·

209 1983 310 2032 moravi
317 2002 325 2044 ;
333 1979 367 2032 do
375 1981 439 2032 vitio
450 1979 559 2052 quidem
567 1980 690 2033 dixerunt
701 1981 815 2053 aliquid,
825 1980 859 2034 de
869 1999 948 2035 sensu
957 2000 1061 2053 parum.
1068 1984 1262 2053 -Opinsntur

208 2059 333 2114 nonnulii
344 2061 464 2112 Persium
475 2059 516 2112 his
528 2056 648 2114 versibus
661 2062 710 2132 93,
722 2063 771 2133 94,
783 2061 833 2132 95,
845 2062 886 2115 vel
895 2063 985 2134 potius
996 2061 1262 2132 versnumirsgmen·

208 2141 256 2206 tis,
268 2140 389 2212 exempla
403 2141 500 2194 afferre
506 2141 620 2194 voluisse
628 2141 807 2195 sicioniorum
815 2141 950 2209 molliunt,
961 2159 1027 2213 quas
1035 2140 1261 2210 damnavitQuin·

209 2219 331 2289 titianus,
340 2223 392 2286 lx,
402 2221 433 2287 it
445 2244 457 2268 ι
468 2222 514 2274 Est
522 2223 550 2273 in
560 2239 593 2273 eo
603 2241 712 2295 quoqne
720 2222 857 2288 nonnihil,
868 2221 995 2295 quoditie
1005 2222 1049 2288 (in
1061 2222 1181 2294 exemplo
1191 2223 1262 2295 quod

210 2299 314 2370 retulit)
324 2300 433 2371 ungulis
441 2297 528 2353 verbis
537 2299 597 2352 bini
607 2300 690 2371 pedes
700 2302 880 2365 eontinentur,
893 2299 965 2372 qnod
974 2303 1001 2351 in
1012 2300 1172 2352 nominibus
1182 2302 1261 2352 etism

209 2379 337 2448 pernulis
351 2401 358 2430 ι
374 2397 426 2432 noo
437 2379 525 2432 solum
535 2377 583 2430 nbi
595 2378 682 2449 quino
693 2376 800 2448 spiisboe
812 2391 965 2442 nectuntur,
979 2390 1008 2429 ut
1019 2378 1047 2429 in
1056 2375 1112 2442 his,
1119 2377 1262 2449 fortissime

212 2457 423 2528 Tyndaridarum
431 2479 440 2518 ‚·
456 2457 503 2510 sed
517 2459 594 2508 etiam
609 2456 657 2508 ubi
673 2471 824 2528 quaternis,
838 2474 920 2527 quum
934 2474 1025 2508 tersus
1042 2455 1158 2508 cluditur
1171 2457 1261 2529 Apen-

209 2539 289 2604 nino,
299 2551 325 2590 et
333 2536 523 2602 Annamentis,
533 2548 559 2587 et
569 2537 675 2588 Oriona.
686 2559 697 2584 s
708 2537 740 2587 Et
749 2533 855 2605 quidem
863 2537 961 2587 Anton.
973 2534 1065 2589 Luiius
1074 2539 1261 2612 ‘grammaticus
1354 2573 1358 2578 -

209 2618 269 2686 tv,
279 2638 303 2671 o.
313 2636 353 2681 ιι,
362 2617 418 2670 hren
425 2617 544 2689 scripsit:
558 2639 570 2663 ι
578 2617 691 2684 Quoties
699 2635 731 2668 ex
741 2614 829 2686 longis
837 2615 864 2668 in
871 2614 964 2669 breves
971 2617 1106 2670 decumbit
1113 2616 1263 2690 rhythmus,

209 2697 297 2752 mollis
307 2699 428 2770 seqnitur
436 2697 594 2768 compositio
601 2733 610 2762 ,
617 2709 662 2748 ut:
674 2693 1104 2766 Quiooendeumdirimebntiierea
1111 2698 1259 2769 Delphin.»

208 2779 297 2846 Qnsm
309 2777 552 2849 interpretationem
566 2775 614 2827 etsi
623 2773 741 2826 Meister-i
749 2775 1061 2845 interpretationeminus
1071 2777 1227 2848 exquisitam
1235 2789 1262 2830 et

208 2860 291 2930 mugio
301 2871 420 2930 apertam
427 2853 535 2928 J'ndioo,
545 2854 627 2906 nolim
638 2865 727 2906 tumen
737 2852 884 2924 admittere.
893 2856 987 2924 Neque
996 2857 1067 2907 enim
1076 2871 1186 2927 possum
1196 2855 1260 2908 mihi

208 2941 364 2994 inanimum
376 2937 515 3004 inducere,
530 2949 633 2988 tantum
643 2937 733 2988 Persio
746 2933 858 2987 movisse
871 2931 1059 3006 indignationis
1068 2937 1173 3006 vitium,
1187 2937 1259 3010 quod

208 3021 236 3072 in
245 3023 305 3094 ipso
314 3021 440 3084 Horatio,
453 3036 532 3091 quem
542 3014 610 3070 adeo
621 3013 724 3082 dilexit,
737 3017 822 3086 majus
833 3027 967 3082 recurrat,
980 3035 1059 3088 quom
1071 3019 1139 3070 ineo
1150 3031 1260 3071 auctore

209 3106 255 3174 qui
268 3122 342 3155 nuno
356 3100 523 3153 describitur.

242 3183 281 3234 Er
292 3183 323 3235 iis
335 3183 412 3234 variis
425 3176 584 3233 lectionibus
597 3190 623 3230 et
635 3177 811 3248 conjecturis,
824 3175 921 3249 quihus
932 3175 1005 3230 hnnc
1017 3175 1107 3230 iocum
1119 3195 1174 3249 prte
1186 3191 1260 3230 onte·

207 3262 242 3315 ris
253 3261 295 3313 vei
307 3271 476 3331 corruptum,
485 3256 526 3311 vei
540 3257 684 3310 obscurum
694 3267 722 3308 et
733 3255 939 3308 inextricabilem
947 3257 1084 3309 restituere
1093 3267 1118 3307 et
1126 3255 1259 3309 iilustrare

208 3343 297 3394 consti
309 3354 370 3394 sunt
379 3336 613 3411 interpretes,hoc
621 3355 704 3388 unum
712 3349 831 3402 constat,
841 3335 884 3386 bic
895 3335 992 3388 relatos
1004 3337 1085 3389 fuisse
1097 3337 1186 3388 Persio
1196 3337 1259 3388 maii

209 3419 346 3495 cuiusdam
355 3434 456 3493 postte,
465 3419 579 3472 Neronis
590 3418 717 3482 fortasse,
726 3433 818 3468 versus
830 3429 876 3468 ont
889 3433 1012 3468 versuum
1023 3417 1187 3487 fragmenta,
1203 3433 1259 3487 quse

209 3499 384 3554 derideantur.
398 3501 432 3552 At
441 3515 505 3552 vero
515 3500 542 3550 in
553 3499 584 3550 iis
593 3496 711 3549 versibus
721 3495 818 3563 verba,
833 3511 890 3566 qnae
902 3497 955 3548 sint
967 3497 1023 3565 ejus
1036 3497 1165 3560 auctoris,
1179 3495 1213 3546 ab
1229 3497 1259 3546 iis

209 3599 266 3651 qnae
274 3585 326 3636 sint
334 3584 416 3654 ipsius
424 3581 505 3635 Persii
512 3577 660 3632 discernere
667 3615 676 3644 ,
683 3574 738 3629 hee
747 3577 851 3648 estipsa
861 3575 914 3627 iooi
921 3575 1078 3643 difficultas,
1089 3593 1169 3648 quam
1178 3593 1258 3627 nemo

210 3663 272 3714 satis
283 3674 374 3734 aperte
387 3659 548 3713 enodaverit.
561 3661 622 3710 iiten
635 3669 674 3709 est
688 3668 791 3721 tomen,
804 3673 884 3727 qnam
897 3654 991 3708 tollere
1003 3673 1111 3706 necesse
1120 3655 1167 3718 sit,
1175 3665 1205 3704 ut
1213 3651 1258 3705 aii·

210 3740 275 3811 quid
283 3743 311 3793 in
322 3757 402 3794 sensa
414 3741 481 3792 lnois
493 3741 600 3790 oriatur.
620 3740 650 3789 in
663 3737 715 3789 hoo
727 3755 769 3788 ms
782 3736 882 3807 aliquid
893 3735 1040 3808 proiecisse
1050 3731 1124 3785 hand
1136 3731 1258 3803 equidem

209 3817 274 3872 mihi
291 3821 415 3872 oonsnius
434 3837 509 3882 sum;
528 3818 669 3870 lectionem
685 3827 774 3868 tamon
793 3827 820 3867 et
837 3816 1101 3885 interpretationem,
1121 3827 1179 3882 quaa
1194 3809 1259 3862 mihi

209 3900 292 3972 magis
303 3899 422 3972 piasset,
432 3901 561 3964 referam
572 3915 628 3950 non
639 3898 667 3949 in
679 3915 751 3949 rann
763 3895 849 3948 iendis
859 3895 1101 3967 comparatiom,
1113 3891 1159 3944 sed
1169 3890 1258 3944 studio

209 3981 263 4031 vari
280 3977 395 4031 videndi.
416 3980 515 4032 Versus
526 3977 575 4049 93,
587 3976 635 4046 94,
649 3974 683 4047 95
700 3993 732 4028 ex
748 3976 992 4045 manutoriptorum
1009 3987 1128 4024 meorum
1148 3969 1199 4022 lide
1218 3985 1258 4022 st-

211 4077 263 4132 qne
274 4071 307 4113 ex
319 4061 379 4130 ipso
389 4074 482 4112 tenore
494 4061 622 4112 orationis
635 4059 672 4110 sio
684 4056 737 4128 legi
747 4057 840 4109 reiirnz

412 4147 516 4194 claudere
525 4149 556 4192 tie
565 4159 651 4192 nemum
660 4145 735 4192 didinit
745 4145 898 4206 &numitius
907 4143 971 4192 itttis.
