3052 4854
272 417 315 498 54
445 415 600 479 viarm
624 413 899 494 Lectiones,
918 415 979 480 ar
1004 413 1139 481 nora

470 542 496 584 ιιι
504 539 543 596 qai
553 540 675 582 canona
683 537 800 582 anate
807 539 881 582 rma
890 540 999 595 osuin!

470 609 504 651 Sic
512 613 592 651 eom
602 607 667 662 ionqo
676 605 823 648 abluimus
830 605 966 662 Apennino!

267 684 395 736 'l'ribuam
403 681 444 735 rel
454 681 568 745 Neroni,
578 677 619 732 vel
632 679 676 730 alii
687 681 845 750 cuicumque
855 678 956 731 insulso
966 691 1065 750 poete,
1077 681 1122 750 qui
1134 681 1215 734 Persii
1226 681 1319 732 vixerit

267 763 517 833 etate,becverba:
530 759 674 814 Gaendeum
680 758 1045 832 dirimebatNemaDelplrim
1053 772 1132 832 atque
1140 759 1207 813 hec:
1216 763 1319 814 costam

268 843 347 918 lonqo
357 843 492 896 subducere
502 841 644 913 Apennino
649 861 659 903 ;
671 858 729 910 que
742 838 892 892 locutiones
906 842 942 891 ita
954 857 1002 911 per
1014 858 1043 892 se
1054 839 1171 892 ridicule
1184 841 1319 907 videntur,

267 939 297 977 ιιι
308 941 402 997 parum
413 940 522 974 necesse
534 922 568 972 sit
580 918 652 972 eliud
662 918 807 992 quidquam
819 922 968 990 excogitare
978 921 1050 986 vitii,
1065 919 1138 991 quod
1150 923 1178 972 in
1190 923 1223 974 iis
1235 923 1319 974 versi-

267 1004 318 1057 but
330 1001 557 1075 reprehendatur,
571 1000 669 1053 nedum
679 999 810 1053 clausulas
822 1014 1019 1053 consonantes:
1035 999 1083 1052 sed
1096 1003 1132 1052 ita
1147 1001 1274 1067 tribuam,
1287 1015 1319 1054 ut

266 1085 322 1139 brec
334 1085 424 1136 omnia
438 1081 520 1134 verba
532 1083 613 1133 Persii
625 1079 712 1132 verbis
724 1081 840 1134 admina
855 1080 955 1132 inerint
967 1093 993 1132 et
1006 1083 1064 1150 ejus
1079 1083 1200 1134 oratione
1214 1081 1318 1134 modice

267 1166 388 1219 confuse.
399 1164 458 1215 Jam
468 1179 532 1213 vero
545 1161 582 1212 sic
593 1162 795 1230 interpretarer:
809 1161 895 1214 Decus
905 1171 932 1212 et
941 1159 1105 1214 concinnitas
1112 1179 1129 1212 a
1139 1162 1318 1214 recentioribus

265 1246 349 1318 poetis
358 1242 449 1296 addito
455 1251 515 1294 nent
521 1241 691 1307 carminibus,
701 1258 762 1314 quo
768 1241 924 1312 priuscrant
932 1239 1187 1294 incondito-Scilicet
1194 1241 1318 1294 attendite

267 1323 487 1399 quemadmodum
501 1339 600 1374 venum
613 1321 721 1374 condem
734 1321 835 1374 noverit
848 1319 1033 1390 Berecynthiam
1045 1321 1113 1374 Attis
1126 1321 1174 1392 (eo
1188 1323 1317 1392 poematis

267 1408 377 1459 nomine
388 1417 525 1456 auctorem
537 1401 673 1473 designat)
690 1401 726 1454 Et
737 1401 784 1453 itte
794 1401 841 1475 qui
851 1416 994 1453 cmucaurr
1006 1417 1144 1454 ιιιιιιιιιιτ
1157 1418 1239 1454 raam
1250 1403 1318 1454 Dec·

266 1498 342 1548 ιιιιιις
360 1481 495 1534 Attendite
508 1481 727 1553 quemadmodum
745 1495 843 1534 eosrrrr
862 1497 948 1534 conco
965 1481 1158 1534 subnexuimus
1174 1483 1316 1534 Amano.

268 1563 347 1618 Unde
363 1563 495 1632 conjicere
511 1559 574 1612 licet
589 1559 753 1611 locutionem
771 1573 912 1630 utramque
930 1558 1084 1632 pudendam
1102 1561 1177 1613 istius
1195 1561 1318 1612 carminis

268 1643 363 1709 baisse,
376 1641 451 1713 quod
462 1641 618 1710 inscriptum
630 1651 688 1690 crat
699 1636 767 1691 Attis
775 1638 817 1690 vel
828 1637 950 1706 Boccitoe,
962 1651 1028 1691 tecte
1040 1641 1127 1692 Dione
1136 1639 1210 1692 Cass.
1220 1639 1237 1691 l.
1247 1641 1318 1705 m,

268 1741 328 1794 cap.
346 1739 390 1774 ao.
401 1749 438 1764 ·-
448 1721 601 1772 Lectionem
614 1715 683 1770 Attis
694 1737 743 1790 pro
755 1719 832 1770 Attin
844 1717 986 1771 defendere
998 1721 1081 1772 ferme
1093 1739 1318 1793 supervacaneum

269 1818 323 1870 est,
338 1820 397 1875 quse
407 1803 436 1854 in
452 1799 575 1852 omnibus
589 1801 777 1871 manuscriptis
788 1799 873 1852 Codd.
887 1813 1023 1866 recurrat,
1037 1803 1182 1872 presertim
1195 1821 1278 1873 quum
1291 1802 1319 1852 in

268 1900 341 1938 recto
359 1901 424 1936 casu
434 1880 511 1933 Attin
525 1899 579 1932 non
593 1879 713 1933 videatur
724 1879 807 1933 fuisse
820 1895 993 1952 usurpatum,
1010 1894 1040 1933 ut
1057 1899 1117 1934 cum
1134 1882 1319 1954 Berecyntbins

270 1967 425 2029 conveniat,
436 1981 527 2016 verum
542 1963 569 2014 in
581 1962 741 2013 accusativo.
753 1959 814 2012 Vid.
829 1961 906 2016 Orid.
921 1961 982 2014 loco
996 1961 1204 2033 Metamorphos.
1214 1967 1268 2032 jam
1282 1963 1319 2014 oi·

270 2059 340 2114 teto,
349 2045 396 2097 ubi
407 2046 518 2116 ponitur
526 2042 605 2108 Attis,
615 2060 670 2094 non
680 2042 757 2093 Attin
761 2065 771 2104 ‚·
779 2041 885 2094 Suidam
893 2043 919 2093 in
927 2039 1110 2105 vocem'm‘ttn
1123 2057 1149 2096 et
1157 2057 1318 2096 commenta-

270 2127 338 2180 rium
351 2129 495 2178 Hermann.
508 2122 623 2175 Samuel.
635 2124 749 2174 lieimsri
760 2124 788 2174 in
799 2125 914 2176 Dionem
924 2122 959 2174 ed
968 2121 1058 2173 locum
1068 2141 1147 2194 supra
1159 2125 1202 2175 cit.
1212 2151 1249 2162 —
1257 2125 1318 2176 llaec

271 2219 310 2260 est
324 2204 420 2270 lectio,
439 2203 494 2256 hec
509 2214 549 2255 est
562 2203 759 2272 interpretatio,
773 2220 839 2274 quas
849 2221 899 2272 ego
909 2220 958 2274 pro
969 2203 1048 2254 certis
1062 2203 1179 2273 retiaque
1193 2201 1276 2254 nolim
1291 2204 1319 2255 iu

270 2295 344 2336 textu
355 2283 491 2354 posuisse,
505 2298 562 2351 quae
572 2298 634 2330 vero
645 2278 710 2331 mibi
719 2281 818 2332 caeteris
829 2279 952 2332 omnibus
961 2278 1157 2350 probabiliores
1166 2279 1319 2346 videantur3

123 2355 126 2367 '
227 2389 230 2396 ν
269 2362 415 2434 presertim
429 2358 475 2411 ubi
489 2357 524 2410 ad
536 2375 630 2412 versus
643 2360 818 2428 insequentes
829 2359 1003 2430 inprimisque
1015 2357 1049 2410 ad
1063 2377 1130 2411 vers.
1149 2355 1198 2410 105
1210 2357 1317 2412 reilecto

268 2441 372 2496 oculos.

301 2615 362 2658 Van.
380 2611 419 2673 96.
433 2613 502 2656 Διιιι
512 2624 628 2657 vinum...
640 2627 713 2658 nomia
722 2612 764 2659 boc
772 2629 904 2678 spumosum
914 2622 937 2658 et
944 2616 1027 2659 cornus
1035 2613 1167 2675 pimpnii-
1174 2615 1218 2660 Pro
1228 2628 1319 2676 spumo-

270 2697 322 2728 sum
330 2681 431 2736 libenter
440 2679 516 2741 Koeru'q
525 2681 641 2742 reciperet
652 2697 766 2744 mqosum.
780 2683 904 2744 ,ingeniosa
914 2681 1009 2743 quidem
1018 2681 1153 2741 conjectura
1165 2693 1212 2739 est,
1224 2694 1247 2728 et
1256 2680 1319 2744 apud

271 2752 339 2800 ovid.
351 2748 446 2798 lleroid.
454 2750 484 2804 V,
494 2749 532 2806 28,
542 2752 643 2796 occurrit
650 2762 726 2800 cortex
735 2769 830 2818 nsqotns
834 2773 843 2810 ‚·
852 2753 894 2800 sed
901 2755 925 2799 in
934 2751 1027 2800 edendo
1032 2767 1163 2814 spuriorum
1170 2755 1320 2802 contendunt

271 2819 423 2882 manuscripti
437 2818 511 2865 Codd.
529 2834 617 2868 omncs.
633 2843 666 2858 ··-
682 2824 765 2870 Tribui
781 2835 858 2886 potest
874 2822 912 2870 bic
926 2839 1006 2872 versus
1022 2821 1063 2868 vel·
1074 2825 1185 2872 monitori
1198 2822 1319 2886 Virgilium

270 2891 424 2956 deprimenti‚
438 2887 522 2934 stolido
532 2889 655 2951 acqrmlium
666 2895 745 2939 amore
751 2911 759 2949 ;
772 2893 809 2942 vel
821 2895 900 2940 Persio
910 2892 1011 2956 equales
1021 2892 1119 2954 Virgilio
1130 2895 1218 2940 ironice
1228 2909 1319 2957 prtepo·

270 2963 345 3010 nenti.
354 2959 499 3030 Probabilior
508 2959 563 3004 mihi
573 2963 688 3022 posterior
696 2961 780 3020 lectio;
790 2980 868 3028 neque
879 2965 941 3012 enim
951 2964 1011 3011 adeo
1020 2964 1112 3011 videtur
1122 2980 1171 3012 este
1180 2965 1273 3028 ineptus
1282 2963 1319 3012 ille

270 3034 379 3087 monitor,
392 3045 464 3094 quern
475 3028 519 3076 sibi
531 3029 596 3090 lingit
607 3032 710 3088 Persius,
723 3046 749 3081 ut
757 3033 882 3098 Virgilium
894 3033 1016 3099 deprimat.

306 3133 373 3183 Nor.
393 3127 437 3198 96.
453 3131 531 3181 Διιιιι
547 3145 667 3182 vinum„
683 3133 781 3186 Nonne
796 3134 846 3187 boc
859 3153 1009 3206 spumosum
1024 3145 1051 3186 et
1063 3135 1155 3186 cortice
1165 3131 1320 3208 pinquit—

270 3212 353 3265 Arma
364 3209 460 3274 uimm,
473 3207 588 3280 intellige
600 3211 744 3265 AEoeidem.
755 3214 815 3267 Mos
826 3229 882 3268 erat
892 3213 965 3287 apud
975 3217 1174 3286 antiquosopus
1182 3212 1319 3283 designare

269 3295 301 3347 iis
316 3290 401 3344 verbis
414 3287 510 3360 quibus
522 3290 679 3362 incipiebat,
692 3309 738 3347 aut
750 3298 837 3368 ipsum
850 3310 988 3349 auctorem
999 3296 1075 3347 initio
1087 3297 1144 3365 ejus
1156 3295 1252 3366 operis.
1266 3295 1319 3358 lta,

270 3375 341 3427 Miro
354 3369 417 3422 e'uir
429 3365 480 3420 eut
491 3368 609 3442 designat
620 3374 744 3440 Iliadem;
757 3376 849 3446 cipimus
860 3374 903 3443 nir
916 3373 989 3446 disp,
1001 3375 1107 3428 Pindari
1121 3376 1253 3440 carmine,
1268 3386 1317 3425 etc.

269 3483 306 3496 -
314 3453 471 3525 Spumosum
483 3451 688 3524 interpretantur
700 3458 834 3530 turgidum
846 3477 877 3512 ac
890 3475 987 3510 vanum
994 3478 1002 3520 ς
1014 3453 1105 3507 malim
1116 3453 1275 3508 lutulentum
1288 3471 1318 3505 ac

270 3529 335 3596 vile,
348 3540 377 3578 ¹¹¹
389 3541 429 3578 0⁸⁸
440 3545 586 3598 ΨΜ-
594 3533 693 3587 Cortice
702 3537 812 3609 pinqni,
825 3535 852 3588 id
865 3549 918 3603 est,
928 3552 1045 3588 crassum
1058 3546 1085 3585 et
1096 3551 1231 3604 rugosum.
1242 3530 1319 3585 Haud

270 3603 417 3660 absirnilem
429 3623 478 3656 nos
490 3605 559 3659 Galli
571 3607 733 3667 locutionem
745 3613 883 3668 babemus.

305 3715 373 3766 Nm.
392 3727 436 3780 97·
453 3709 488 3760 Ut
500 3715 600 3768 romule
616 3729 687 3774 nctus
696 3721 845 3795 proprendi
853 3722 941 3774 subere
951 3729 1061 3771 coctum.
1072 3745 1107 3757 -
1116 3717 1215 3769 Noster
1225 3715 1318 3769 eadem

270 3789 442 3846 similitudine
455 3804 533 3844 utens
542 3815 597 3868 qua
606 3819 682 3855 versu
694 3800 871 3873 precedenti,
886 3799 921 3852 ed
935 3797 1083 3870 augendam
1097 3797 1187 3849 ironice
1200 3798 1253 3849 vim
1266 3799 1320 3850 siu·

270 3870 334 3941 gula
352 3883 501 3940 exaggerat.
517 3903 550 3914 -
565 3878 653 3943 Suben
669 3877 765 3945 erneis,
780 3878 859 3951 iie'ye,·
878 3877 1036 3931 describitur
1054 3895 1070 3928 a
1089 3876 1155 3928 Plin.
1171 3877 1236 3929 illst.
1256 3879 1318 3929 Nat.

270 3949 346 4016 XVI,
364 3961 428 4001 sect.
447 3949 492 4017 13,
507 3967 533 4006 et
547 3975 563 4008 a
573 3957 709 4029 Theophr.
728 3961 760 4010 Η.
775 3960 824 4010 PL.
841 3961 876 4024 ll,
895 3957 939 4023 ¹6,
956 3955 1003 4008 ubi
1013 3955 1067 4008 vid.
1081 3970 1137 4007 not.
1149 3955 1205 4009 los.
1221 3954 1318 4009 Budaei.

268 4028 403 4083 lllaarbor
410 4027 500 4098 babet,
510 4048 604 4104 praeter
610 4039 764 4090 interiorem
771 4038 1050 4104 ettenuiorem‚etiam
1055 4039 1211 4089 exteriorem
1218 4050 1245 4090 et
1252 4053 1320 4086 crae·

269 4107 366 4160 siorem
380 4107 522 4176 corticem,
540 4115 586 4182 qui
606 4116 683 4166 certis
700 4115 868 4185 temporibus
881 4112 1060 4166 detrahendus
1075 4126 1122 4166 est.
1138 4113 1218 4181 Quod
1232 4113 1259 4164 ni
1274 4111 1318 4179 lit,
