3052 4854
284 417 328 486 60
459 415 616 478 vtrttffi
639 410 914 480 LECTIONES
937 413 999 478 ET
1023 413 1160 480 NOTAE

283 537 811 607 misEttuscietllomnni,perserpentes
819 533 1071 600 exhibueruntmon
1077 537 1339 610 unaputodecsuta.

283 622 402 676 Plurium
418 623 487 672 cuim
503 635 593 671 rerum
606 614 755 688 symbolum
770 632 802 671 ac
815 627 878 668 nota
893 615 999 670 habitus
1014 631 1054 670 eat
1069 635 1193 688 serpent,
1209 635 1239 674 ut
1251 620 1339 674 solnm

283 705 414 775 patrium,
425 702 523 764 vitam,
539 695 667 761 salutem,
681 694 906 762 incolumitatem,
924 695 1163 763 immortalitatem,
1178 711 1229 750 etc.
1243 701 1341 753 innue-

283 798 332 838 ret.
344 807 355 832 ι
372 785 455 853 lleyn.
467 780 539 849 Virg.
555 775 660 830 AEneitl.
672 778 706 843 V,
721 775 763 842 84.
777 777 815 828 Ex
826 776 879 828 hoc
894 778 975 830 Persii
986 777 1048 829 loco
1061 778 1119 850 ipso
1131 781 1264 848 conjicere
1277 799 1340 850 pos·

284 881 385 929 sumus,
394 864 422 914 in
432 879 482 914 utu
492 861 574 912 luisse
582 871 718 930 serpentes
727 856 873 928 parietibus
884 858 1148 930 appingere,quibns
1156 859 1209 912 loci
1215 864 1340 914 sanctitas

282 945 446 999 iudicaretur
459 956 485 996 et
499 942 576 1014 quasi
591 938 788 992 defenderetur.
803 969 840 980 -
852 940 951 1006 Extra,
964 959 1002 992 sc.
1019 951 1091 992 extra
1106 940 1194 994 locum
1214 941 1283 995 lunc
1298 963 1340 997 aa·

282 1044 366 1082 crum.
373 1039 410 1066 ὲ-
419 1023 512 1096 Mejitc
517 1034 682 1108 &extremum
693 1019 860 1072 contumeliae
866 1022 982 1091 sigrmm.
993 1024 1052 1074 Hoc
1062 1039 1096 1073 ne
1106 1023 1165 1095 quit
1175 1020 1339 1092 admitteret,

282 1108 310 1158 in
324 1105 433 1159 tumulis
448 1103 521 1174 cippi
535 1100 627 1154 titulus
640 1099 844 1172 deprecabatur,
859 1099 963 1171 adiecta
975 1119 1044 1172 sepe
1056 1103 1248 1174 imprecatione
1260 1103 1339 1156 mala.

185 1205 188 1214 ’
282 1185 392 1238 Anthol.
405 1187 491 1238 Latio.
505 1184 648 1236 Burmann.
661 1195 725 1236 tom.
738 1185 776 1249 ll,
789 1201 816 1254 p.
831 1181 894 1249 ¹4⁵3
906 1183 998 1235 llorttt.
1010 1183 1068 1234 Art.
1082 1186 1154 1236 Poet.
1169 1182 1236 1253 470:

472 1271 611 1316 uinxerttin
620 1270 703 1329 patrios
711 1271 801 1314 cinerea.
807 1303 812 1314 .
819 1303 836 1313 ..

319 1367 388 1418 Nor.
411 1364 469 1433 ¹¹4·
488 1363 577 1416 Secuit
595 1362 715 1415 Lucilius
730 1364 829 1414 urbem.
845 1390 882 1402 -
897 1361 988 1416 Posito
1001 1362 1103 1428 ironia,
1115 1359 1255 1416 consilium
1265 1363 1340 1434 prius

284 1460 363 1496 suum
375 1441 497 1514 exemplo
508 1439 602 1496 Lucilii
615 1452 705 1493 tuetur
716 1453 743 1494 et
755 1440 867 1492 Horatii.
877 1467 914 1480 -
923 1439 1051 1504 Luciliu,-
1065 1441 1094 1494 C.
1107 1439 1224 1494 Lucilius
1238 1443 1340 1513 primus

285 1521 359 1596 apud
373 1525 508 1576 Romanos
523 1523 616 1574 satiras
631 1523 744 1594 scripsit.
759 1522 798 1572 Ac
816 1521 884 1574 sicut
897 1520 1028 1574 Lucilium
1043 1522 1183 1588 Horatius,
1200 1521 1341 1574 Horatium

284 1605 404 1670 Persius,
419 1605 519 1676 priores
532 1601 592 1658 illos
605 1621 698 1656 omnes
709 1601 845 1654 luvenalis
857 1602 973 1655 imitatus
986 1615 1040 1666 est3
1053 1603 1091 1654 sic
1105 1601 1221 1656 Lucilius
1234 1616 1341 1656 secutus

283 1688 371 1740 fuerat
383 1689 497 1739 Ennium
509 1699 535 1738 at
549 1687 668 1738 Accium.
682 1687 774 1738 Horat.
783 1683 830 1736 lib.
840 1685 867 1750 l,
877 1698 927 1737 sat.
940 1702 980 1736 ιο.
993 1686 1118 1740 &aarum
1129 1685 1211 1738 fuisse
1222 1685 1340 1756 Scipioni

285 1768 411 1820 Africano
422 1779 533 1820 testatur
545 1766 614 1819 idem
624 1769 717 1819 llorat.
727 1765 773 1818 lib.
786 1765 810 1818 ll
817 1801 826 1830 ,
839 1778 889 1818 sat.
903 1781 930 1832 t,
944 1764 1007 1834 ubi,
1018 1777 1046 1818 et
1056 1763 1121 1818 alibi
1135 1767 1234 1836 passim
1246 1767 1273 1818 in
1286 1783 1341 1818 ser·
1411 1779 1413 1784 ·

285 1849 425 1916 monibus,
442 1849 574 1902 Lucilium
589 1849 675 1920 carpit
688 1847 837 1914 mordicus,
857 1865 1010 1919 quanquam
1026 1865 1123 1916 magno
1139 1846 1196 1900 aliis
1214 1848 1242 1898 in
1255 1847 1341 1916 pretio

285 1929 368 1982 fuisse
381 1930 508 1991 refertum
524 1947 573 1980 nec
586 1946 661 1980 suam
672 1929 724 1998 ipsi
735 1926 841 1978 laudem
853 1925 967 1979 detrahit
980 1927 1074 1996 Quint.
1087 1923 1132 1978 lib.
1143 1927 1182 1988 X,
1195 1943 1245 1976 nec
1257 1925 1340 1977 Cicer.

285 2009 319 2062 tle
329 2013 404 2066 Orat.
415 2009 432 2061 Ι.
443 2012 481 2077 ΙΙ,
491 2009 548 2062 Nec
558 2007 675 2062 Velleius
686 2007 704 2060 l.
715 2009 747 2060 Π.
760 2011 845 2061 Natus
856 2021 913 2062 erttt
925 2005 1009 2060 nobili
1023 2006 1099 2074 loco,
1110 2025 1142 2060 ar
1153 2007 1279 2058 Aurunca
1287 2005 1342 2057 Au-

285 2093 368 2144 sonias
386 2089 467 2157 urbe,
487 2106 558 2142 anuo
576 2107 632 2140 nno
653 2100 795 2160 autequam
813 2089 841 2139 in
861 2089 1043 2140 Romanorum
1062 2099 1224 2158 potestatem
1241 2084 1344 2136 reniret

286 2168 430 2240 Gartlrago.
440 2169 581 2241 Scripsisse
591 2166 689 2238 (licitur
700 2169 838 2220 sanarum
849 2165 932 2220 libros
941 2164 1084 2239 plusquam
1093 2167 1214 2240 triginta,
1228 2181 1343 2236 quorum

286 2249 406 2301 omnium
420 2249 568 2322 fragmenta
583 2251 686 2300 tautum
705 2246 808 2320 aliquot
827 2244 861 2300 ad
879 2265 929 2299 nos
946 2258 1134 2320 pervenerunt.
1153 2274 1188 2287 -
1204 2245 1307 2306 Secuit,·
1327 2261 1343 2294 a

286 2325 397 2398 flagellis
415 2327 589 2394 translatum,
608 2325 706 2400 quihus
722 2347 858 2382 servorum
872 2345 987 2398 corpora
1002 2324 1186 2397 credebantur,
1202 2323 1237 2377 atl
1251 2319 1343 2376 Lucilii

286 2410 409 2476 satiram,
424 2425 481 2482 quae
495 2405 609 2460 laedebat
621 2405 760 2458 hominum
772 2408 882 2460 animos.
896 2407 989 2457 llorat.
1001 2403 1087 2478 Epotl.
1102 2403 1148 2471 lV,
1161 2419 1206 2453 rt:

547 2497 621 2539 Sectus
630 2493 719 2554 flsgcllia
726 2495 761 2538 hic
769 2491 957 2538 Triumviralibut.

286 2569 360 2622 ldem
373 2569 426 2622 Sat.
439 2571 466 2636 l,
480 2587 525 2636 ro,
539 2572 570 2637 tl
583 2589 656 2642 sqq.:

766 2639 928 2684 ...Ridiculum
936 2638 981 2680 seri

490 2707 788 2766 Fortiusetmeliusmtgnar
795 2707 926 2765 plerumque
934 2711 1040 2748 scontros.

288 2813 323 2824 -
337 2782 444 2847 Urbem,
457 2783 526 2834 cives
538 2783 688 2850 llomanos,
701 2786 819 2836 omnium
831 2782 928 2833 civium
940 2797 1036 2830 mores.
1050 2779 1141 2831 Horat.
1155 2777 1208 2831 sat.
1222 2779 1247 2843 l,
1260 2793 1305 2827 to:

810 2904 827 2916 ..
835 2903 840 2913 .
848 2869 903 2914 sale
911 2867 983 2914 multo

492 2929 736 2974 caracterizante...

290 3025 320 3060 ac
333 3003 416 3083 paulo
429 3019 506 3078 poet:

492 3096 599 3142 Primores
607 3095 683 3154 populi
691 3091 785 3151 arripuit
792 3089 944 3150 populumque
952 3089 1060 3134 tributim.

325 3192 392 3244 Nor.
416 3189 472 3244 ιι5.
492 3191 542 3258 Tc,
562 3190 649 3263 Lupe,·
670 3197 710 3254 te,
729 3185 816 3248 Muta,-
834 3195 860 3236 st
876 3183 1020 3258 genuinum
1034 3183 1119 3256 saepit
1137 3183 1164 3234 iu
1185 3181 1246 3234 illis.
1258 3211 1294 3222 —·
1307 3181 1345 3232 Te

290 3268 403 3324 subaudi
418 3269 505 3322 secuit.
517 3299 554 3310 -
564 3268 727 3320 Nominatim
740 3265 819 3317 etiam
834 3279 943 3332 carpere
959 3281 1039 3314 ausus
1054 3274 1093 3316 est
1108 3259 1226 3314 Lucilius
1239 3258 1343 3312 nobiles

289 3352 359 3402 inter
376 3349 440 3402 alios
458 3351 529 3401 viros
542 3346 618 3400 Publ.
633 3344 761 3398 Rutilium
781 3341 887 3416 Lupum
902 3331 1055 3410 consulem,
1075 3354 1101 3393 et
1118 3343 1207 3394 Titum
1225 3341 1344 3392 Mutium

289 3429 441 3498 Albutlum,
453 3429 529 3482 raltle
543 3442 680 3502 potentem
695 3427 795 3489 virum;
812 3438 891 3496 atquc
905 3422 945 3476 his
960 3425 1058 3496 carpsit
1070 3421 1204 3488 versibus,
1217 3438 1286 3490 quos
1301 3437 1344 3471 re-

290 3511 341 3564 fert
353 3510 455 3566 Tullius
468 3511 512 3564 lib.
524 3514 535 3562 l
546 3508 579 3561 tle
592 3507 705 3574 finibus,
717 3507 862 3577 prooemio:

493 3605 591 3646 Graecum
601 3609 632 3652 tc,
640 3598 729 3646 Albuti,
738 3613 805 3654 quam
813 3600 938 3642 Romanum
946 3607 1010 3654 atque
1019 3594 1123 3638 Sabinum

493 3667 626 3724 Municipem
636 3666 709 3716 ronti,
716 3666 828 3720 Tritauni,
837 3665 1003 3714 centurionum,

492 3731 646 3778 l’raeclurorum
655 3730 772 3774 hominum
779 3765 785 3784 ‚
793 3743 817 3774 ac
826 3731 948 3790 primorum
956 3763 961 3780 ,
969 3723 1143 3786 signiferumque

494 3799 589 3848 Maltisti
597 3797 647 3842 dlci.
656 3797 727 3843 Grcce
735 3809 786 3856 ergo
793 3809 874 3856 prator
880 3797 979 3846 amenis.

491 3868 515 3910 td
523 3865 584 3922 quod
592 3861 701 3917 maluisti,
710 3875 731 3908 ta
737 3898 743 3918 ,
749 3879 820 3922 quum
828 3865 857 3910 ad
865 3877 901 3908 me
907 3861 986 3906 accedi
992 3893 998 3912 ,
1005 3857 1087 3904 saluto:

494 3929 579 4012 zaeipt,
588 3931 689 3987 iuquam.
697 3933 757 3978 Tite!
768 3934 874 3986 Lictoras,
882 3943 955 3976 turma
963 3927 1028 3972 omui'
1035 3959 1041 3977 ,
1049 3925 1179 3980 cohorsque,

496 4011 566 4062 χιιιμ
572 4032 580 4055 ,
587 3999 647 4044 Tite!
655 3999 707 4044 hinc
715 4003 782 4047 hostis
790 4002 821 4046 mi
828 4002 944 4048 Albutius,
951 3997 1002 4040 hinc
1011 3993 1120 4038 inimicus.

289 4087 322 4138 Et
333 4084 415 4160 paulo
426 4093 507 4154 post:
684 4145 1051 4203 mmansmim,
