3052 4854
290 389 333 455 30
463 385 618 450 VARlAE
642 379 913 449 LEGTIONES
938 383 999 447 ET
1023 383 1159 451 NOTAE

288 501 413 554 Dicturus
420 496 471 548 luit
477 496 593 548 Persius:
602 493 659 565 qaas
668 511 721 546 nnn
731 493 865 544 Romaest
874 492 1151 566 ineptstsilnchoatam
1158 515 1221 548 vero
1231 511 1338 554 senten·

288 583 351 634 tiam
363 593 410 632 aut
420 580 477 650 ipae
492 595 547 630 uon
559 575 640 628 audet
652 572 805 638 absolvere,
819 586 865 625 ant
878 573 999 628 absolvat
1011 593 1066 628 non
1079 577 1140 629 sinit
1158 578 1337 651 adversarius,

288 662 334 731 qui
355 657 500 712 succlamat
515 647 522 706 i
543 674 574 708 ac
589 656 610 708 si
622 655 669 728 fas
684 654 829 706 dicere...?
848 653 952 722 Quibus
967 655 1054 708 serbis
1068 661 1217 730 promptior
1231 661 1338 731 subjicit

287 740 390 791 Persius
408 760 413 789 :
433 735 476 788 sed
486 735 547 808 fas,
564 747 614 786 etc.
632 745 750 786 recurret
765 731 833 784 inira
849 731 921 784 idem
932 732 998 786 illud
1009 735 1150 805 quianon:
1167 736 1217 788 vid.
1231 753 1286 792 not.
1302 740 1337 794 ad

286 835 390 940 ν01818ξῖ
402 831 602 956 dlluncpuum
613 880 648 934 ad
658 881 780 934 canitiem
788 891 815 933 et
821 893 936 937 noslntm
945 881 1013 936 isttsd
1020 883 1104 936 uiuere
1112 887 1181 940 triste
1188 887 1290 962 Aspesn'.
1302 920 1337 930 -

288 969 400 1023 Canities
407 984 456 1040 pro
465 975 702 1034 senectute,quam
710 962 817 1014 canities
825 959 973 1015 denuntiat.
981 965 1142 1018 -Nostrnm
1152 969 1336 1040 uiuere,grnca

285 1047 387 1100 locutio
397 1063 459 1118 pro:
472 1057 562 1098 nostra
572 1044 639 1108 rita,
649 1043 688 1094 uti
699 1043 769 1094 infra
779 1061 804 1094 v.
819 1059 884 1108 raa,
896 1043 945 1095 loc
955 1043 1037 1096 ridere
1046 1063 1132 1098 meum
1138 1069 1148 1108 ,·
1160 1051 1254 1120 sepius
1265 1052 1336 1104 enirn

286 1145 329 1180 res
338 1126 410 1200 apud
422 1124 540 1179 Persium
552 1123 672 1174 recurrit.
684 1121 798 1174 Multum
807 1122 834 1174 in
845 1120 897 1173 hoc
908 1123 1109 1194 interpretando
1122 1144 1199 1180 versu
1209 1130 1336 1182 ramatum

287 1219 340 1273 est,
354 1218 382 1256 ut
396 1207 424 1256 in
438 1203 499 1256 loco
511 1201 621 1268 difficili.
637 1201 765 1254 Canitiem
777 1201 947 1254 vetustissimi
958 1204 984 1253 in
996 1200 1105 1278 scholiis
1116 1209 1279 1276 grammatici
1291 1225 1337 1260 cx.

286 1289 387 1362 plicant
395 1305 444 1358 per
452 1297 570 1336 veterum
580 1285 763 1334 Romanorum
773 1283 946 1334 venerandam
955 1284 1051 1352 uitem,
1061 1288 1104 1337 cui
1114 1290 1258 1358 opponitur
1269 1290 1338 1342 istud

288 1377 402 1421 nostmm
418 1365 501 1417 uiuere
518 1363 601 1426 triste,
616 1359 643 1411 id
662 1373 715 1427 est,
727 1359 852 1434 pudenda
864 1363 1028 1431 praesentium
1044 1376 1187 1436 temporum
1199 1366 1260 1418 uita.
1282 1369 1337 1434 Qui

287 1465 380 1500 sensus
394 1447 501 1497 minime
515 1440 666 1514 displiceat,
683 1441 705 1493 si
718 1440 798 1492 modo
811 1441 918 1494 canities
932 1454 1049 1494 veterum
1060 1445 1240 1498 Romanorum
1255 1447 1337 1500 vitam

286 1529 372 1601 possit
384 1527 437 1578 tina
454 1523 601 1594 designare.
623 1521 720 1573 Censet
735 1521 833 1592 Koenig
843 1517 980 1574 'cantium
994 1535 1019 1574 et
1038 1534 1152 1576 nosnnm
1170 1526 1238 1578 istud
1252 1526 1337 1578 uiuere

288 1611 371 1675 triste,
378 1610 442 1659 item
452 1625 498 1658 ac:
509 1615 535 1656 et
545 1603 650 1656 nucibus
656 1603 953 1676 facimusquoeeumque
964 1603 1072 1672 relictis,
1081 1619 1106 1657 et
1115 1627 1121 1657 :
1131 1626 1214 1679 quum
1221 1607 1337 1679 sapimus

285 1700 407 1764 patruos,
418 1705 473 1739 non
487 1683 522 1738 ad
535 1687 670 1737 Romanos
682 1701 829 1755 eorumque
839 1703 924 1737 mores
936 1688 1083 1756 pertinere,
1094 1707 1183 1740 verum
1200 1688 1234 1740 ad
1248 1691 1336 1760 ipsum

288 1771 406 1821 Persium
424 1769 533 1837 ejusque
551 1763 655 1816 vivendi
672 1779 755 1834 genus
775 1781 896 1816 severum
913 1783 944 1818 ac
962 1765 1089 1820 idoneum
1109 1768 1226 1822 moribus
1245 1787 1336 1839 repre·

287 1847 453 1910 hcndendis3
470 1847 546 1918 quasi
565 1857 647 1916 poeta
667 1845 736 1896 senis
754 1842 847 1896 induat
864 1861 1020 1917 personam,
1041 1850 1083 1899 cui
1104 1852 1221 1902 censoris
1239 1866 1335 1900 munus

289 1930 439 1981 conveniat.
455 1927 490 1977 At
501 1943 564 1977 vero
577 1925 604 1974 in
617 1941 647 1975 ea
662 1925 879 1996 interpretatione
891 1928 982 2000 aspexi
998 1939 1025 1978 et
1041 1938 1156 1980 nostrum
1172 1929 1256 1982 uiuere
1268 1930 1337 1982 triste

288 2005 323 2060 ad
335 2006 456 2059 eumdem
468 2006 619 2058 referantur
630 2019 737 2056 necesse
750 2016 806 2068 est,
821 2023 878 2075 quae
892 2007 1055 2058 constructio
1070 2006 1150 2078 paulo
1163 2007 1254 2060 durior
1265 2007 1337 2061 vide·

287 2102 339 2141 tur.
354 2091 422 2140 Turn
431 2091 557 2158 junctura
568 2083 773 2156 precedentium
783 2086 971 2138 sententiarum
983 2105 1043 2138 cnm
1055 2086 1097 2142 his
1108 2089 1195 2142 verbis
1208 2101 1270 2140 tunc
1279 2127 1285 2138 .
1295 2129 1301 2140 .
1311 2127 1317 2139 .
1329 2127 1335 2138 .

288 2178 366 2218 tunc.
377 2205 383 2216 .
393 2204 415 2216 ..
432 2163 556 2238 iquoscite
569 2163 656 2214 minus
672 2160 780 2214 habebit
795 2163 889 2216 virium
903 2177 930 2214 et
946 2164 1080 2216 claritatis.
1102 2168 1222 2240 Denique
1239 2171 1261 2220 si
1275 2185 1336 2220 sen-

288 2249 370 2303 untia
379 2248 480 2300 ironice
493 2245 637 2316 accipitur,
651 2242 734 2296 levior
749 2257 775 2295 et
787 2245 903 2296 auctoris
917 2245 1023 2316 ingenio
1034 2264 1129 2318 parum
1141 2247 1220 2318 digna
1233 2247 1336 2300 ridebi-

288 2343 346 2396 tur;
363 2329 403 2380 sin
412 2346 476 2380 vero
490 2327 571 2392 serio,
582 2327 686 2404 gratior
697 2339 722 2378 et
735 2326 841 2378 satirico
853 2325 944 2398 generi
954 2343 1050 2396 parum
1065 2328 1279 2394 accommodum
1293 2349 1336 2384 rc·

288 2410 367 2460 ferret
382 2407 492 2460 enimin
503 2407 572 2477 jocis
584 2418 665 2477 poeta
676 2407 854 2476 gravissimam
873 2405 944 2458 illam
960 2407 1065 2461 Solonis
1078 2426 1185 2475 vocem,
1202 2411 1335 2464 Pisistrato

289 2509 395 2542 causam
404 2487 518 2545 audacie
528 2483 555 2538 in
564 2505 591 2538 se
600 2483 818 2560 reprehendendo
826 2487 999 2558 interroganti
1007 2487 1207 2560 respondentis:
1217 2493 1337 2546 Senectus

289 2578 315 2619 et
325 2567 469 2639 inpenium.
485 2565 613 2617 Festivior
624 2562 729 2616 videtur
744 2578 769 2615 et
782 2563 954 2618 cachinnonis
967 2585 1085 2638 persona¹
1103 2567 1219 2622 habilior
1229 2584 1337 2624 senten-

290 2649 340 2712 tia,
353 2649 375 2698 si
385 2646 441 2698 haec
454 2647 542 2696 omnia
552 2645 700 2696 referantur
712 2644 746 2696 atl
758 2647 910 2711 Romanos,
927 2648 948 2698 si
960 2650 1066 2699 satiram
1080 2649 1211 2704 scribendi
1223 2655 1337 2704 necessi·

289 2731 381 2781 itatem
395 2737 501 2778 excuset
512 2725 614 2777 Persius
625 2743 673 2795 per
687 2727 809 2788 satiram
822 2729 859 2777 sic
872 2727 934 2779 fecit
945 2729 1093 2790 luvenalis,
1110 2732 1136 2781 in
1150 2734 1228 2783 satira
1241 2735 1334 2804 prima.

290 2806 433 2860 Videamus
446 2818 533 2857 tamen
545 2823 596 2872 ne,
607 2804 768 2858 Casanbono
782 2809 969 2871 assentientes,
984 2809 1142 2862 arbitremur
1156 2811 1200 2865 hic
1210 2815 1283 2884 tangi
1295 2813 1336 2866 vel

287 2893 397 2960 juvenes
408 2888 472 2940 luxu
481 2885 647 2952 diffluentes,
661 2886 702 2938 vel
714 2905 803 2953 senes,
819 2888 867 2960 qui
885 2888 974 2942 Curios
987 2891 1114 2944 sinsulant
1126 2903 1152 2943 et
1162 2893 1337 2947 Bacchanalia

292 2969 390 3020 uiuunt.
406 2966 603 3018 Meminerimus
617 2979 724 3037 poetam
736 2965 780 3018 hic
793 2964 867 3040 loqui
881 2966 915 3019 de
927 2967 1022 3038 literis,
1034 2989 1088 3022 non
1102 2969 1135 3023 de
1149 2972 1275 3024 moribus.

326 3085 392 3136 Nor.
416 3100 454 3135 ιο.
467 3084 504 3135 Et
513 3084 617 3137 nucibus
623 3084 741 3155 facimus
748 3103 917 3160 quecumque
927 3087 1029 3142 relictis.
1041 3119 1076 3129 -
1085 3087 1224 3141 Ludebant
1231 3091 1336 3140 nucibus

291 3177 409 3218 veterum
423 3165 506 3235 pueri.
519 3163 619 3218 Phaedr.
636 3166 686 3230 ΙΙΙ,
707 3167 751 3232 14ς
768 3166 864 3221 Catull.
878 3169 948 3235 xlv,
968 3170 1016 3222 183
1032 3189 1086 3240 sq.;
1102 3171 1180 3220 Mart.
1197 3188 1220 3219 v.
1240 3169 1286 3232 86,
1308 3185 1335 3230 1;

292 3247 396 3294 Petron.
405 3244 447 3298 81.
456 3243 494 3296 Ex
502 3262 555 3314 quo
563 3243 624 3298 lusu
632 3245 788 3317 metaphora
798 3248 920 3300 usitatior
931 3267 1007 3301 nuces
1019 3249 1161 3319 relinquere
1170 3265 1235 3316 pro,
1245 3244 1335 3316 egredi

291 3322 411 3393 pueritia.
423 3323 492 3375 Usus
504 3339 612 3394 qrroque
621 3323 780 3391 invaluerat,
791 3337 820 3378 ut
833 3328 944 3378 maritus
957 3343 1035 3377 nuces
1044 3335 1193 3396 spargeret,
1201 3325 1335 3376 dumuso·

292 3420 349 3454 rem
361 3399 484 3457 ducebat.
500 3403 567 3454 llinc
578 3403 715 3474 Virgilius,
725 3403 817 3474 Eclog.
828 3406 895 3455 vllt.
911 3423 944 3473 ²9
953 3417 979 3456 at
989 3407 1031 3457 30.

491 3491 576 3546 Mopse,
586 3503 654 3533 noras
663 3490 734 3534 incide
745 3491 814 3546 iaces,
824 3491 863 3535 tibi
873 3491 960 3534 ducitur
970 3505 1034 3533 uxor:

490 3558 799 3613 Sparge,rnarite,naccs....

328 3641 393 3694 Nor.
408 3659 447 3695 ιι.
458 3645 544 3715 Quum
554 3647 666 3717 sapimus
672 3657 793 3716 patruos:
803 3658 863 3698 tunc
871 3686 889 3698 ..
915 3659 988 3698 tunc.
996 3686 1015 3698 ..
1027 3649 1158 3722 ipnoscite.
1165 3679 1201 3690 -
1209 3651 1288 3706 Nolo,
1300 3683 1335 3694 -

293 3723 518 3796 Patmusproprie
526 3725 703 3794 fraterpatris.
711 3723 887 3795 Patruisulgo
895 3727 1014 3797 patribus
1023 3731 1164 3782 severiores
1172 3731 1337 3806 incorrigen.

293 3801 333 3856 dis
344 3805 445 3874 pueris,
461 3806 498 3856 sic
514 3805 541 3855 in
556 3803 684 3856 comoedia
699 3820 927 3874 representantur.
949 3809 1017 3860 Hinc
1036 3809 1215 3882 metaphorice
1228 3831 1336 3890 patruus

292 3901 344 3953 pro
352 3900 470 3937 censore.
484 3885 526 3936 Ne
536 3885 568 3938 sis
575 3893 684 3954 patruus
695 3881 771 3933 miti.
790 3885 881 3936 Horat.
895 3888 965 3938 satir.
978 3887 1015 3950 ll,
1029 3889 1060 3952 3,
1072 3889 1114 3941 88.
1127 3893 1224 3948 Sensus
1236 3918 1243 3948 s
1255 3913 1335 3968 φιιιω

293 3970 415 4032 patruos,
428 3964 445 4012 i.
458 3982 481 4015 c.
494 3963 564 4014 viros
577 3977 669 4030 graves
684 3979 714 4011 nc
729 3980 848 4028 severos,
860 3963 934 4016 vultu
949 3979 974 4017 et
990 3981 1065 4020 atate
1078 3971 1133 4039 jam
1143 3975 1288 4029 referimus.
1300 4005 1336 4014 -

296 4039 397 4096 Tunc...
407 4041 745 4110 tnnc...Sententiam,quae
751 4041 855 4114 periodi
864 4043 973 4100 alteram
979 4063 1081 4119 partem
1089 4054 1290 4124 conficerentur
1297 4059 1336 4108 in-
