3052 4854
593 548 811 626 SATIRAE
840 549 1030 625 PRIMAE

664 749 957 804 ARGUMENTUM.

325 937 438 998 Eversa
459 941 553 1000 veteri
574 938 758 1020 Republica,
779 936 919 1020 plerique
941 937 1157 997 Romanorum
1175 936 1284 998 litteris
1306 951 1337 997 et

286 1035 459 1116 scripturae,
471 1057 541 1119 quae
551 1037 636 1119 prius
646 1049 735 1097 erant
744 1055 933 1117 paucorum,
944 1053 1008 1094 sese
1016 1033 1219 1094 tradiderunt.
1233 1035 1279 1094 Eo
1289 1055 1336 1094 res

284 1129 371 1194 brevi
382 1134 520 1210 devenit,
530 1149 578 1210 ut,
592 1132 816 1217 imperantibus
829 1132 961 1194 Claudio
974 1153 1009 1192 ac
1021 1133 1159 1208 Nerone,
1178 1133 1334 1214 scriptoris

286 1226 403 1290 famam
412 1245 644 1314 aucuparentur
651 1234 787 1315 Equites,
794 1234 908 1308 Patres,
918 1231 1040 1314 ipsique
1049 1231 1222 1313 Principes:
1232 1251 1335 1291 versus

286 1327 424 1411 undique
433 1342 463 1388 et
474 1328 722 1391 declamationes.
735 1330 817 1391 Hinc
829 1330 1026 1391 recitantium
1037 1342 1134 1389 coetus
1147 1349 1246 1411 prope
1258 1348 1333 1410 quo·

284 1425 413 1498 tidiani3
427 1425 501 1488 hinc
515 1429 615 1510 pretio
631 1430 777 1490 conducti
793 1429 964 1501 auditores,
981 1426 1055 1488 hinc
1070 1428 1183 1510 ineptas
1198 1427 1332 1488 admira·

285 1522 387 1582 tiones
406 1535 436 1583 et
460 1523 654 1587 adulationes
672 1527 848 1609 pudendm:
869 1526 943 1587 hinc
962 1525 1097 1606 denique
1117 1525 1283 1600 orationis,
1304 1536 1334 1583 et

285 1637 426 1698 poeseos,
441 1633 471 1680 et
480 1622 575 1703 ipsius
587 1621 702 1706 linguae
713 1644 848 1707 preceps
859 1622 1044 1705 corruptela.

324 1715 398 1776 llaec
414 1731 487 1777 sunt
499 1718 667 1799 oequalium
682 1721 772 1796 vitia,
789 1741 859 1802 quse
877 1720 998 1780 Persius
1018 1723 1050 1779 in
1070 1721 1168 1801 prima
1182 1720 1335 1801 corripere

285 1813 433 1889 instituit3
452 1815 618 1898 penuriosa
636 1818 754 1900 plenum
773 1839 846 1900 opus
865 1815 945 1878 ataoe.
968 1818 1044 1892 Cui,
1066 1837 1130 1898 quo
1151 1817 1255 1877 minus
1277 1813 1334 1875 ha·

284 1909 369 1970 beret
381 1910 579 1990 offensionis,
592 1912 725 1975 formam
738 1914 843 1975 induit
853 1914 1023 1996 quamdam
1035 1912 1281 1988 deliberationis,
1293 1934 1334 1974 an

284 2007 445 2069 scribenda
463 2011 502 2070 sit
519 2013 628 2087 satira,
649 2011 766 2072 necne?
781 2025 873 2093 atque
886 2009 951 2091 ejus
965 2009 1195 2071 deliberationis
1208 2009 1334 2092 dialogo

284 2125 430 2188 personas
452 2111 598 2191 apposuit
617 2109 737 2186 nullas,
757 2123 909 2191 tunquam
928 2107 1001 2168 velit
1019 2110 1052 2169 in
1073 2109 1221 2189 ambiguo
1241 2106 1334 2169 relin-

283 2223 391 2284 quere,
401 2204 531 2286 quinam
540 2207 720 2288 loquantur.
732 2206 895 2268 Interdum
904 2207 997 2266 etiam
1008 2226 1054 2266 res
1061 2217 1092 2265 et
1098 2206 1229 2265 nomina
1236 2202 1335 2265 horni-

283 2321 376 2378 num,
389 2293 519 2365 Neronis
530 2306 715 2388 presertim,
728 2306 829 2366 verbis
839 2303 1010 2388 figurisque
1019 2301 1234 2364 dissimulavit.
1249 2303 1333 2380 Quas

283 2401 410 2481 quidem
417 2405 599 2466 necessarias
606 2419 685 2466 artes
694 2406 749 2466 etsi
756 2403 1037 2486 quaesiissevidetur
1046 2402 1334 2478 Persius‚constan-

282 2497 345 2556 tior
359 2511 464 2560 tamen
476 2501 541 2583 ejus
554 2505 654 2565 oratio
666 2523 761 2584 quam
776 2503 931 2578 callidior,
948 2502 1050 2585 qualis
1063 2519 1126 2562 esse
1138 2498 1247 2561 debuit
1260 2499 1334 2560 ado·

282 2593 435 2669 lescentis,
449 2611 479 2657 et
491 2601 596 2675 stoici,
610 2613 641 2662 et
653 2613 753 2687 poetoe
767 2615 908 2686 tempora
920 2601 1072 2663 cernentis
1088 2599 1137 2658 uti
1150 2597 1332 2668 virtutibus,

284 2690 325 2750 sic
337 2705 367 2751 et
378 2692 486 2754 litteris
497 2694 616 2758 infesta.

591 2983 808 3062 SATIRAE
837 2983 1027 3060 PRIMAE

567 3219 569 3226 ,
607 3212 610 3218 ,
709 3160 904 3215 aurursrs.

323 3319 462 3379 Persium
470 3321 577 3382 satiras
584 3320 784 3381 meditantem
792 3318 892 3401 etjam
903 3317 1034 3379 scribere
1045 3333 1218 3396 aggressum
1227 3332 1330 3395 super·

283 3417 408 3476 veniens
418 3415 529 3499 aliquis
539 3439 557 3478 a
566 3417 727 3500 proposito
738 3414 929 3476 dehortatur.
940 3412 1030 3474 Unde
1037 3413 1079 3471 sic
1088 3403 1331 3470 instituiturdia·

282 3511 372 3594 logos
384 3537 391 3572 ι
406 3515 565 3596 oineptias
574 3513 741 3575 hominum
750 3515 757 3572 !
766 3556 774 3572 .
784 3557 791 3572 .
800 3557 808 3571 .
816 3547 855 3558 -
864 3513 963 3572 Nemo
974 3512 1091 3570 istatua
1101 3506 1188 3588 leget.
1199 3541 1238 3553 -
1247 3505 1328 3582 Quid

282 3607 343 3669 hoc
362 3609 400 3670 ad
420 3607 488 3670 mel
505 3611 682 3694 quasivero
699 3629 803 3668 curem
820 3628 961 3690 perversa
974 3605 1089 3688 judicia
1105 3605 1329 3664 Romanorum.

282 3707 451 3768 Censuram
463 3728 587 3788 gravem
598 3708 677 3768 cives
686 3719 858 3766 merentur:
870 3704 998 3786 defungi
1010 3703 1100 3764 liceat
1112 3701 1176 3762 vice
1187 3701 1330 3760 censoris.

283 3839 321 3850 -—
335 3807 372 3865 At
384 3805 540 3867 nolumus.
553 3841 592 3852 -—
603 3805 717 3866 urrisu
728 3819 900 3887 temperare
910 3824 1046 3884 nequeo,
1061 3823 1070 3860 ι
1085 3845 1093 3876 ,
1108 3819 1152 3858 12.

321 3903 403 3963 Tum
409 3920 551 3964 sermone
558 3904 679 3963 satirico
687 3901 880 3962 invaduntur
886 3899 950 3983 ejus
957 3899 1053 3961 aetatis
1061 3897 1179 3958 littera.
1192 3895 1332 3955 Monitor

283 4001 370 4082 quasi
379 4013 575 4062 excusaturus
584 3999 717 4082 equale
726 4001 787 4060 ait:
799 3998 979 4059 Recedimus
989 4020 1007 4058 a
1017 3995 1169 4072 tumultu,
1180 4006 1215 4053 ut
1224 3991 1331 4053 scriba·

283 4119 401 4160 mus...
420 4133 453 4148 -
471 4101 512 4160 Ut
524 4121 630 4161 coram
641 4099 761 4183 populo
774 4096 852 4161 olim
864 4101 1040 4172 recitemus,
1054 4093 1179 4178 subjicit
1192 4089 1329 4164 Persius,
