3052 4854
271 418 312 486 52
443 411 597 476 VARlAE
620 404 892 473 LECTIONES
917 403 979 468 ET
1003 401 1141 468 NOTAE

269 522 387 580 minandi
397 539 495 594 genus,
506 538 560 590 quo
572 533 661 570 versus
674 514 740 568 alter
753 531 814 566 cnm
823 512 907 566 altero
920 529 970 581 per
981 509 1128 563 clsusulam
1141 508 1261 562 similiter
1272 475 1320 562 de·

269 611 398 662 sinentem
406 606 571 675 jungeretur,
585 598 658 652 ctare
669 609 695 648 et
708 607 800 666 aperte
812 592 997 664 designarent,
1011 589 1077 644 nihil
1092 603 1162 644 esset
1174 591 1257 643 ferme
1270 609 1320 642 cur

270 690 304 742 de
317 685 435 741 versibus
447 683 492 755 qni
503 691 652 751 sequuntur
663 676 851 747 disputaretur.

301 844 362 888 Vin.
373 838 415 902 93,
424 835 463 900 94.
480 828 643 892 berecynthius
654 827 722 874 Attin
733 827 765 872 Et
773 827 815 890 qui
825 822 952 872 Caeruleum
960 822 1079 870 m'nmeict
1089 825 1165 868 Nem
1173 819 1280 885 Delphin,
1289 845 1321 858 .-

270 913 362 960 llolrcut
371 911 432 955 Attis
441 905 592 964 manuscripti
602 901 647 945 mci
658 897 734 945 Codd.
745 911 833 942 omnen.
851 897 917 942 Attin
930 895 1046 944 correctio
1055 905 1090 940 est
1098 895 1170 956 petite
1179 910 1192 941 e
1202 893 1321 941 veteribus

269 984 362 1048 glossis,
372 979 458 1043 quihus
467 989 591 1021 monemur
599 970 643 1017 hos
652 983 732 1016 versos
742 981 792 1014 esse
802 967 903 1011 Neronis
909 1001 915 1023 ,
927 977 997 1029 atque
1008 981 1035 1011 ex
1044 965 1088 1012 hoc
1098 965 1180 1011 Dionis
1188 965 1258 1012 Cassii
1267 961 1321 1010 loeo

270 1057 300 1104 de
307 1057 401 1102 Nerone
410 1035 704 1108 :inrdapgiilresr'nmrirai
716 1030 825 1094 Βέιιχιιι.
836 1037 902 1082 Attin
912 1036 1037 1099 legendum
1049 1052 1109 1092 csse,
1119 1037 1208 1098 primus
1216 1035 1321 1081 omnium

270 1127 362 1174 monuit
375 1125 425 1169 los.
440 1117 551 1178 Scaliger,
567 1125 593 1160 ut
606 1111 711 1160 similiter
724 1109 834 1155 cuderent
847 1107 871 1152 hi
883 1107 932 1154 duo
943 1121 1024 1154 versus
1036 1107 1080 1170 93,
1094 1107 1137 1170 94,
1153 1123 1196 1169 per
1209 1103 1322 1152 clauum„

270 1199 351 1249 Attin,
368 1188 483 1252 Delplnu;
500 1184 609 1245 idemque
626 1181 706 1228 docuit
719 1177 761 1224 lter
778 1179 839 1238 ipras
849 1179 905 1223 'esre
922 1191 1032 1223 versuum
1049 1181 1073 1224 in
1090 1178 1150 1225 idem
1164 1176 1322 1223 defluentium

269 1263 385 1314 clausulas
391 1258 429 1308 vel
433 1261 569 1322 jnrtcturus,
580 1265 656 1312 nuper
664 1251 816 1310 excogitatos,
828 1261 885 1308 quas
893 1245 983 1293 Persius
989 1245 1035 1292 hoc
1042 1246 1095 1294 loco
1101 1248 1228 1308 vituperet,
1239 1259 1321 1308 quem-

271 1336 397 1386 admodum
404 1334 429 1378 in
437 1343 505 1376 versu
512 1325 620 1388 sequenti
628 1331 784 1368 consonantes
794 1318 892 1383 syllabas
900 1317 981 1374 lonoo,
993 1319 1125 1382 Apennino.
1134 1317 1219 1365 Callida
1228 1317 1322 1381 quidm

270 1421 294 1455 st
309 1407 379 1454 doctu
391 1401 460 1450 lectio
476 1407 519 1445 ert.
534 1394 711 1442 Meminerimus
727 1402 805 1435 trmcn
818 1388 864 1434 hoc
880 1389 923 1433 niti
937 1399 1025 1444 totam,
1042 1389 1106 1450 quod
1122 1386 1145 1432 hi
1161 1387 1210 1434 duo
1224 1403 1321 1444 tersus,

270 1476 433 1538 Berecyntiriur
445 1473 513 1518 Attttt
524 1469 557 1513 Et
569 1468 611 1532 qni
619 1461 739 1510 coemleum
748 1461 867 1507 dt'rirnelent
878 1461 953 1505 Nerea
965 1458 1079 1524 Delphin,
1091 1460 1195 1520 ejusdem
1209 1460 1323 1518 auctoris,

270 1564 380 1614 ⁸1q¹¹²0¹
394 1543 477 1592 todem
488 1541 541 1588 100⁰
553 1535 702 1598 deprompti,
719 1545 742 1580 et
753 1535 899 1580 continentes
913 1531 975 1578 inter
986 1545 1010 1577 se
1023 1531 1094 1578 fuisse
1107 1543 1230 1594 putsnmr;
1245 1545 1323 1594 neque

271 1621 319 1671 nlla
331 1621 385 1668 sutis
398 1625 461 1664 certa
472 1611 610 1660 auctoritate
622 1607 684 1654 illum
698 1604 847 1667 comprobari
858 1596 1002 1666 opinionem.
1016 1605 1090 1650 lmmo
1103 1619 1160 1650 vero
1172 1617 1226 1650 sunt
1238 1603 1277 1666 qui
1290 1603 1324 1648 le-

273 1706 328 1760 gant
338 1692 400 1738 hune
409 1701 501 1735 versum
510 1682 542 1746 94
550 1681 575 1727 in
586 1679 649 1728 huuc
657 1678 753 1726 modum
763 1694 769 1724 :
782 1679 814 1724 Et
822 1677 864 1742 qni
869 1691 877 1721 .·
888 1677 1027 1722 cunnum
1037 1687 1167 1722 ιιιιιιιιιιιι
1176 1687 1253 1722 umet
1263 1677 1325 1721 nrm

273 1779 340 1811 Ριιιιι.
350 1765 472 1823 Tanquam
484 1769 511 1801 es
520 1751 591 1800 verbe
601 1753 633 1797 Et
643 1752 684 1815 qui
691 1748 765 1794 Persii
776 1748 833 1804 sint,
846 1760 896 1792 non
906 1759 964 1790 vero
974 1747 1026 1808 ejus
1037 1745 1140 1791 auctoris
1150 1745 1191 1808 qui
1200 1743 1292 1799 cit'etur,
1302 1753 1326 1790 et

273 1835 387 1886 iudicent.
395 1829 466 1876 ulium
475 1841 525 1872 esse
533 1823 575 1886 qui
583 1821 716 1880 scripserit:
724 1813 885 1876 Derecyrttltiur
894 1817 969 1870 Attis,·
976 1814 1048 1860 nlinm
1058 1815 1098 1878 qui
1107 1815 1224 1877 scripserit
1232 1831 1238 1862 ι
1247 1815 1325 1862 Ganr-

273 1905 331 1952 lcum
341 1900 460 1949 dirinmlrot
472 1899 546 1942 Nereo
557 1889 665 1956 Delphin.
679 1891 760 1953 Neque
772 1887 880 1950 prolecto
891 1887 971 1947 inepta
982 1885 1051 1934 lectio
1062 1899 1105 1933 cst.
1119 1885 1184 1932 Adde
1196 1883 1260 1949 quod
1273 1898 1327 1946 pse-

273 1979 315 2024 sim
328 1983 449 2021 recurrant
460 1965 523 2032 apud
535 1964 629 2026 optimae
641 1973 702 2007 notae
713 1971 807 2021 poetes,
822 1957 885 2018 apud
899 1958 975 2018 ipsum
987 1956 1109 2018 Virgilium
1120 1971 1213 2012 versus,
1229 1958 1270 2018 qni
1280 1953 1327 2000 hoe

273 2046 411 2111 syllolrarum
423 2037 603 2086 consonantium
612 2032 669 2079 vitio
678 2029 799 2085 laborent,
812 2025 877 2092 qnod
888 2027 934 2073 lroc
945 2025 998 2074 loco
1010 2027 1103 2074 irrideri
1115 2027 1215 2088 Scaliger
1226 2025 1326 2072 arbitra-

274 2133 319 2167 tur.
329 2119 411 2164 Monet
424 2111 519 2178 quidem
529 2105 694 2159 Cnsaubonns,
707 2102 817 2164 Scrliqmi
826 2101 963 2163 opinionem
972 2099 1089 2164 amplexus
1099 2113 1122 2145 ct
1132 2098 1277 2154 collaudant,
1290 2099 1327 2143 iu-

272 2191 321 2239 vito
333 2187 444 2236 excidisse
455 2180 555 2245 Virgilio
567 2175 697 2226 istiusmodi
709 2189 789 2221 verens
803 2172 909 2220 similiter
922 2173 1068 2227 desinentes,
1083 2183 1158 2234 poetae
1172 2187 1241 2226 vcro,
1257 2185 1327 2233 quem

274 2263 319 2310 ltoc
333 2260 385 2306 loco
399 2256 491 2302 l’ersiur
506 2249 613 2313 agitarit,
628 2258 652 2292 ct
666 2242 773 2292 consulto
785 2254 809 2290 et
819 2243 932 2289 continuo
943 2242 1014 2288 luisse
1025 2252 1155 2302 usurpato„
1167 2242 1219 2300 Quo
1233 2241 1328 2286 tandm

272 2338 327 2398 jure
342 2332 378 2378 vir
394 2327 499 2380 eruditus
517 2322 564 2369 hoo
579 2320 697 2381 disputet?
715 2319 834 2378 Perpenna
851 2315 889 2362 hic
907 2313 1043 2361 referuntur
1058 2325 1168 2359 versuum
1183 2313 1328 2372 fragmenta,

274 2407 315 2470 qui
326 2405 422 2450 fortasse
434 2412 512 2461 neque
524 2405 579 2441 sunt
591 2389 695 2452 ejusdem
706 2388 820 2442 auctoris.
832 2401 909 2449 oeque
919 2384 1026 2447 ejuedem
1037 2382 1096 2440 loci;
1109 2399 1187 2446 neque
1197 2399 1254 2431 sero
1266 2383 1328 2445 ejus·

274 2475 327 2520 dcm
337 2469 458 2525 clausula,
473 2469 492 2514 si
502 2461 667 2525 manuscriptis
678 2457 799 2506 codicibus
807 2458 900 2519 potius,
913 2469 985 2518 quum
998 2452 1115 2516 Scaliqcro
1125 2452 1283 2514 conjecturum
1293 2453 1329 2500 lu-

275 2545 346 2590 cicuti
358 2542 415 2588 lidcs
426 2538 571 2584 adhibeatur.
582 2533 655 2580 Sumit
664 2529 708 2577 sibi
719 2541 811 2576 certum
817 2539 941 2590 ratumque
948 2525 1099 2572 Casaubonnt
1107 2523 1153 2572 hoc
1162 2527 1251 2588 ipsum,
1264 2523 1328 2588 quoq

275 2615 340 2660 vcnit
351 2613 375 2656 iu
388 2610 546 2672 qurcstionem.
558 2607 696 2666 Quanquam
708 2599 815 2662 scaligeri
827 2599 995 2660 conjecturum,
1007 2596 1100 2641 doctum
1111 2595 1180 2642 simul
1191 2609 1214 2641 et
1225 2597 1330 2658 iugenio.

276 2701 337 2738 tam,
350 2681 423 2728 nolim
435 2694 479 2742 ego
490 2677 601 2723 damnare
614 2674 732 2726 vanitatis3
745 2671 787 2718 sed
797 2687 848 2716 enm
858 2682 935 2716 muron
946 2665 1000 2712 loco
1010 2667 1091 2712 Dionis
1103 2679 1127 2714 et
1137 2667 1283 2714 vetustissimi
1294 2668 1329 2712 iu·

276 2755 384 2818 terpretis
399 2751 462 2814 qlosn
475 2749 554 2802 inuiti,
570 2745 666 2792 minime
680 2759 737 2793 sero
750 2755 775 2790 et
787 2755 859 2789 seusu
874 2752 899 2786 et
914 2739 1124 2799 manuscriptorum
1138 2737 1213 2785 Codd.
1229 2737 1329 2785 lectione

277 2821 436 2886 comprobari,
446 2819 520 2865 lector
528 2816 572 2862 luit
582 2813 751 2861 admonendae.

313 2925 380 2975 Nor.
400 2921 448 2989 93,
465 2917 509 2988 94.
524 2914 712 2984 Berecyntius
725 2911 816 2975 Attin,
831 2909 866 2960 Et
878 2909 925 2981 qni
938 2906 1084 2959 Coeruleusn
1096 2905 1234 2959 dirimebat
1244 2907 1330 2960 Nereo

278 3001 403 3076 Delphin.
414 2996 547 3060 —Attin‚
560 3008 606 3050 aut
619 2994 700 3058 Attis,
715 3003 761 3042 eut
772 2989 863 3060 Astyr,
876 3001 921 3040 aut
933 2988 1013 3059 Atys,
1024 2985 1129 3038 videtur
1143 2987 1224 3038 fuisse
1238 2998 1331 3057 pastor

278 3083 321 3135 ille
338 3079 464 3150 Phrygius
482 3095 496 3128 a
511 3072 607 3147 Cpbele
625 3085 744 3137 umatus,
764 3071 839 3140 cujus
858 3067 966 3132 fabulo,
983 3080 1014 3118 ut
1032 3085 1147 3132 nomen,
1165 3065 1265 3117 incerta
1282 3076 1329 3115 cst.

279 3156 429 3230 liumstcrlr.
443 3153 477 3207 nd
488 3155 635 3206 Lucienum
647 3165 711 3204 tom.
725 3151 750 3216 l,
762 3165 822 3220 pag.
840 3143 904 3212 235,
919 3145 961 3198 ed.
974 3146 1043 3198 Reiz.
1056 3145 1133 3198 Plura
1146 3143 1178 3196 de
1192 3144 1237 3198 illo
1250 3141 1331 3195 habet

279 3243 405 3308 Doerinq.
422 3235 455 3288 od
467 3233 562 3287 catull.
577 3233 666 3285 LXlll.
682 3230 760 3282 conf.
773 3225 893 3279 Macrob.
908 3240 957 3278 sat.
974 3228 998 3292 l,
1014 3243 1061 3288 213
1078 3224 1154 3278 ond.
1166 3226 1274 3276 Metam.
1289 3221 1330 3287 X,

285 3325 349 3388 ¹⁰4²
364 3343 374 3367 ι
386 3315 520 3390 Cybeleius
528 3315 605 3367 Attis.
615 3335 626 3360 ι
636 3341 673 3352 -
681 3309 882 3380 Berecynthiam,
893 3306 1095 3380 oBsrecynssm,
1105 3305 1221 3378 Plirygirc
1230 3315 1330 3356 monte.

282 3433 317 3446 -
334 3404 419 3455 Nerea
437 3417 486 3470 pro
501 3415 582 3449 mure.
597 3392 682 3446 Valer.
695 3392 820 3457 Flaccos,
837 3389 939 3456 1,45ο.
958 3417 993 3430 -·-
1009 3388 1125 3461 Delphin
1140 3405 1194 3459 qno
1216 3384 1331 3452 alludat,

283 3501 337 3535 nou
346 3480 424 3532 focile
437 3479 543 3530 dixeris.
554 3475 607 3526 Alii
618 3485 714 3544 putent
724 3470 758 3524 ed
767 3485 859 3524 notum
868 3471 974 3522 Arionis
984 3468 1115 3531 fabulum
1125 3465 1203 3520 Orid.
1213 3467 1282 3518 Fstt.
1294 3465 1332 3531 11,

283 3581 317 3633 79
329 3579 387 3632 sqq.
400 3558 493 3629 (Cous.
505 3551 622 3606 Broulrh.
635 3549 670 3603 ud
680 3553 800 3622 Propert.
810 3551 847 3615 ll,
859 3565 906 3614 no,
920 3547 966 3618 17)
976 3548 1115 3600 Meisterus
1126 3543 1160 3596 ed
1170 3543 1332 3614 Delphinum

283 3659 362 3715 quem
378 3639 473 3702 Attin,
489 3634 617 3706 Phrygius
633 3628 768 3694 Bacchus,
783 3643 813 3682 ut
827 3643 918 3700 putet,
935 3627 1075 3700 produxit,
1095 3641 1227 3695 quemque
1242 3620 1333 3674 laudnt

282 3721 359 3776 Orid.
372 3722 480 3772 Metam.
494 3717 569 3781 xiil,
581 3711 642 3783 597.
651 3742 687 3752 —
698 3711 828 3763 Dirimere
839 3713 925 3764 Nereo
936 3707 1076 3761 coentleom
1088 3723 1137 3776 pro
1149 3721 1234 3756 secare
1243 3701 1333 3776 pelopi

276 3801 389 3876 fluctio,
401 3801 489 3849 minns
501 3795 613 3860 usitata,
625 3805 652 3843 et
665 3792 742 3842 nimis
755 3791 898 3862 exquisito,
913 3799 939 3838 et
950 3803 1046 3858 parum
1059 3783 1171 3834 feliciter
1183 3783 1332 3853 excogitata

283 3883 383 3932 locutio
395 3877 512 3939 videtum
526 3893 614 3946 nsque
627 3871 705 3924 eiiam
718 3871 754 3924 ob
768 3889 875 3924 causum
888 3869 1000 3921 forsitan
1014 3865 1058 3916 liin
1070 3881 1160 3916 versus
1174 3864 1264 3916 Persio
1279 3878 1332 3913 no·

283 3973 362 4012 tatur.

315 4117 376 4161 Vin.
393 4114 432 4175 95.
442 4115 478 4158 Sic
488 4121 571 4158 curtum
584 4113 648 4177 lonpo
658 4111 808 4160 subduximus
817 4111 943 4172 Apeostino.
955 4131 986 4145 ι·-
995 4102 1078 4153 Similit
1088 4101 1117 4148 de
1127 4101 1172 4150 ltoc
1181 4115 1251 4147 versu
1260 4094 1319 4141 umbi
