3056 4856
316 393 377 458 108
624 393 663 454 t.
690 391 848 455 PERSH
874 391 1042 455 FLACCl

311 517 480 596 Porticus;
493 517 658 582 insomnis
670 513 795 609 quibus
807 531 841 582 et
852 514 993 582 detonsa
1002 512 1163 608 juventus

310 623 482 717 Invigilat,
496 624 626 719 siliquis
639 641 673 691 et
684 623 804 716 grandi
816 641 913 718 pasta
924 623 1072 718 polenta.

307 741 350 804 Et
362 736 440 822 tibi,
454 762 530 832 quae
541 741 670 806 Samios
683 733 815 805 diduxit
826 736 936 805 littera
949 761 1080 820 ramos,

306 851 505 942 Surgentem
517 849 636 918 dextro
648 852 848 918 monstravit
860 847 965 918 limite
978 849 1110 918 callem.

305 962 421 1028 Stertis
433 959 567 1028 adhuc?
577 958 760 1054 laxumque
771 976 891 1052 caput,
905 983 1067 1053 compage
1082 958 1210 1044 soluta,

304 1073 431 1138 Oscitat
443 1069 660 1154 hesternum,
673 1069 810 1138 dissutis
822 1069 974 1164 undique
986 1068 1101 1138 malis!

304 1183 364 1248 Est
374 1179 504 1276 aliquid
516 1205 585 1275 quo
597 1180 725 1262 tendis,
739 1197 773 1248 et
785 1178 926 1275 inquod
937 1180 1054 1273 dirigis
1067 1179 1201 1249 arcum:
1327 1197 1361 1249 60

304 1295 355 1358 An
366 1295 495 1386 passim
508 1293 657 1386 sequeris
669 1315 788 1359 corvos
800 1307 955 1385 testaque
968 1289 1125 1385 lutoque,

302 1405 444 1471 Securus
457 1427 526 1498 quo
537 1427 597 1496 pes
609 1401 712 1484 ferat,
724 1419 827 1497 atque
839 1427 881 1472 ex
893 1417 1047 1495 tempore
1059 1405 1164 1472 vivis?

349 1513 568 1582 Helleborum
580 1515 722 1596 frustra,
736 1538 843 1609 quum
852 1512 924 1606 jam
936 1517 1022 1582 cutis
1036 1537 1126 1606 aegra
1137 1515 1300 1597 tumebit,

303 1630 482 1693 Poscentes
494 1623 624 1692 videas:
639 1627 787 1691 venienti
799 1627 966 1692 occurrite
978 1625 1115 1708 morb03

301 1741 361 1823 (Et
372 1736 455 1832 quid
467 1759 553 1828 opus
564 1740 701 1802 Cratero
713 1758 855 1826 magnos
868 1739 1066 1826 promittere
1077 1743 1249 1824 montes?)
1323 1751 1357 1804 65

302 1849 509 1940 Disciteque,
523 1871 544 1913 o
555 1848 689 1928 miseri,
702 1862 736 1912 et
747 1868 865 1922 causas
878 1849 1070 1937 cognoscite
1082 1871 1214 1915 rerum:

301 1958 390 2046 Quid
404 1983 539 2041 sumus,
551 1973 585 2024 et
597 1955 760 2052 quidnam
775 1959 894 2023 victuri
907 1959 1093 2049 gignimur3
1105 1959 1190 2028 ordo

300 2071 384 2155 Quis
397 2069 512 2156 datus,
524 2085 585 2136 aut
596 2084 694 2136 metae
707 2093 811 2164 quam
823 2068 934 2137 mollis
947 2067 1072 2155 flexus,
1085 2087 1119 2138 et
1131 2071 1239 2158 unde;

299 2279 338 2336 ris
346 2273 569 2336 Atheniensium
578 2297 694 2358 pugnas
702 2297 770 2336 cum
780 2273 907 2352 Medis);
918 2290 947 2336 ct
957 2277 1069 2358 quibus
1080 2275 1264 2337 meditandis
1275 2279 1355 2338 invi-

299 2372 399 2454 gilant
408 2372 553 2455 juvenes,
569 2371 688 2457 capillis
703 2375 797 2433 tonsis
811 2373 938 2450 inculti,
954 2388 983 2434 et
997 2394 1109 2435 somno
1124 2375 1175 2434 vix
1188 2373 1354 2454 indulgen·

298 2485 359 2547 tes,
371 2485 402 2531 et
411 2471 508 2533 crudo
518 2472 599 2533 olere
609 2471 769 2554 multaque
782 2471 891 2533 hordei
901 2470 1001 2532 farina
1012 2473 1100 2556 pasti.
1111 2474 1261 2533 Praeterea
1271 2493 1354 2555 sym·

298 2567 404 2628 bolica
413 2569 506 2628 Samii
517 2567 699 2652 philosophi
713 2567 814 2630 littera
826 2571 894 2650 (Y),
908 2571 941 2628 in
951 2570 1090 2650 geminos
1100 2589 1203 2630 ramos
1212 2568 1352 2645 diducta,

298 2667 482 2726 monstravit
499 2666 589 2727 illum
606 2669 663 2728 tibi
678 2669 834 2730 dexterum
850 2667 977 2743 callem,
994 2688 1056 2748 quo
1071 2669 1167 2728 virtus
1182 2689 1243 2728 sese
1256 2667 1351 2728 tollit.

298 2761 511 2823 Nihilominus
520 2777 555 2823 tu
565 2767 664 2826 stertis
674 2764 790 2838 adhuc3
802 2777 956 2847 caputque
966 2764 1074 2824 laxatis
1084 2763 1154 2825 colli
1164 2763 1294 2826 vinculis
1305 2785 1352 2824 re-

297 2860 449 2934 solutum,
460 2864 607 2942 genisque
617 2865 728 2922 rictum
738 2863 877 2945 undique
884 2853 1117 2938 diducentibus,
1126 2883 1160 2922 os
1170 2875 1272 2922 totum
1282 2883 1352 2944 ape-

297 2959 338 3017 rit
358 2955 499 3019 hesterna
513 2959 621 3040 vigilia
641 2959 822 3041 fatigatum!
843 2961 897 3018 Est
917 2958 1029 3040 aliquis
1047 2973 1152 3020 tamen
1174 2959 1350 3042 propositus

296 3053 410 3129 tibi,ut
421 3056 591 3136 sagittario,
603 3057 689 3133 finis,
699 3056 737 3116 ad
748 3077 840 3137 quem
848 3058 944 3116 vitam
955 3057 1112 3132 intendas,
1123 3069 1158 3116 ut
1168 3055 1218 3116 ille
1226 3077 1347 3116 arcum:

295 3168 338 3212 'an
351 3165 464 3213 temere
478 3174 588 3214 corvos
602 3153 650 3214 vel
663 3167 754 3229 testa,
770 3153 817 3212 vel
833 3153 922 3234 gleba
936 3156 1110 3231 insectaris,
1125 3152 1205 3214 nihil
1220 3173 1348 3227 curans,

296 3272 360 3331 quo
372 3265 401 3311 te
414 3251 515 3312 ferant
527 3252 635 3334 pedes,
648 3253 828 3336 rictitasque
841 3253 875 3312 in
889 3252 986 3328 diem,
1001 3266 1096 3334 prout
1107 3251 1171 3311 fors
1185 3250 1310 3310 tulerit?

335 3351 384 3411 63.
409 3375 422 3405 u
435 3351 566 3411 Cernere
579 3365 623 3410 est
636 3350 808 3411 nonnullos
823 3350 958 3411 remedia
972 3350 1132 3410 medicinae
1147 3349 1241 3408 serius
1255 3345 1350 3406 advo.

295 3461 413 3524 cantes,
427 3470 524 3531 quum
532 3447 598 3529 jam
609 3447 711 3508 lurida
720 3450 798 3508 cutis
807 3449 1000 3509 intumescat.
1012 3448 1131 3509 Morbis
1141 3467 1213 3508 vero
1224 3443 1348 3506 obviam

296 3545 434 3606 eundum
449 3559 509 3619 est3
529 3567 681 3627 namque,
696 3547 751 3606 ubi
766 3546 972 3623 invaluerint,
987 3546 1062 3628 quid
1077 3566 1155 3628 opus
1169 3559 1214 3604 est
1227 3541 1348 3604 medico

294 3645 344 3706 vel
362 3644 561 3705 celeberrimo
580 3645 648 3706 auri
666 3658 788 3705 montes
809 3643 1005 3727 promittere?
1024 3646 1134 3705 Parate
1147 3641 1233 3702 vobis
1252 3641 1348 3721 igitur

295 3744 496 3826 sapientiam,
511 3764 530 3802 ο
545 3743 667 3814 miseri,
680 3757 710 3802 et
724 3741 829 3802 discite
841 3764 910 3825 quae
921 3743 982 3802 sint
994 3763 1093 3802 causae
1105 3761 1227 3800 rerum:
1242 3737 1348 3798 discite

296 3840 372 3920 quid
387 3841 425 3900 sit
438 3839 553 3915 homo,
567 3860 661 3919 quem
675 3837 714 3898 ad
728 3838 824 3900 finem
838 3856 946 3912 natus;
966 3839 1035 3919 quis
1050 3837 1128 3897 ordo
1144 3837 1181 3895 sit
1194 3832 1347 3894 stabilitus

296 3937 381 4014 fatis,
390 3951 443 3998 aut
450 3937 532 3997 unde
543 3935 774 4018 proficiscamur
781 3955 810 3998 et
817 3958 880 4017 quo
889 3949 1093 4008 revertamur,
1101 3951 1257 4015 quamque
1265 3929 1346 3989 mol-

296 4031 366 4092 liter
384 4053 507 4092 cursum
526 4033 565 4093 ad
584 4054 652 4092 eam
673 4048 785 4092 metam
806 4032 979 4107 flectamus,
999 4051 1068 4109 qum
1089 4043 1132 4088 est
1155 4029 1187 4088 in
1208 4041 1344 4086 extremo
