3052 4854
376 450 383 465 '
423 447 472 510 tlt
495 443 707 510 SATIRAM
733 445 937 512 PRlMAM.
1156 455 1198 546 ὃς

157 573 257 638 mines,
270 581 427 642 argumento
440 588 509 641 opus
518 567 663 638 baberent,
672 573 851 643 itiquosuem
860 569 934 626 illam
943 575 1089 634 mirabilem
1098 583 1202 652 parion.

157 652 222 702 tiam
236 663 315 722 atque
330 646 456 702 tremiss
470 662 642 702 ostentarent.
657 649 709 704 Sed
725 665 779 702 erat
792 653 919 722 imprimis
935 652 1057 707 offinsum
1072 657 1138 712 illud
1153 673 1204 733 pat-

157 729 256 782 tientie
272 729 426 800 Cynicomm
443 731 667 800 experimentum,
681 732 758 800 cujus
768 727 812 782 bic
825 732 946 784 meminit
959 734 1073 786 Persius.
1087 735 1205 808 Apparet

158 810 230 862 enim
242 807 333 862 solitas
343 827 358 860 a
367 805 549 879 petulantibus
559 807 711 863 bominibus
722 809 871 864 meretrices
882 829 944 880 cem
952 809 1004 864 illis
1014 817 1149 868 committi
1160 821 1207 872 Ga-

158 887 310 954 ssnbcnus,
326 907 342 942 a
359 907 414 960 quo
425 887 481 942 baro
494 891 582 944 cunia
594 888 753 963 deprompta
765 905 841 958 sunt,
857 893 896 944 sio
907 891 943 944 sd
955 891 1028 945 illam
1044 913 1136 948 rocem
1148 917 1208 951 rur·

158 987 204 1026 tus
218 983 429 1024 commentatur:
449 992 461 1016 ι
470 969 584 1024 Visebat
593 985 649 1024 tum
659 973 808 1024 Dememm
823 973 948 1043 t'yamn,
962 975 1037 1044 cujus
1047 976 1208 1048 singularem

159 1069 191 1102 ac
208 1049 365 1122 stupendam
376 1052 499 1104 mentam
509 1049 631 1104 dilaudat
645 1052 760 1120 Seneca,
775 1064 802 1104 et
813 1051 887 1124 apud
900 1053 1043 1107 Attianum
1060 1058 1208 1128 Epictetus.

158 1133 189 1184 la
207 1131 288 1201 hujus
306 1130 436 1184 honorem
450 1143 476 1184 et
490 1132 629 1200 similium,
647 1135 694 1206 qui
711 1135 821 1187 fueram
840 1134 965 1189 omnibns
985 1137 1088 1190 emulis
1107 1138 1209 1211 oppidu

159 1212 254 1282 pauci,
271 1209 380 1280 Cynicus
394 1208 439 1262 bic
456 1209 539 1266 ints
554 1229 605 1282 pro
619 1211 783 1284 Philosopho
797 1214 917 1285 ponitur.
935 1217 965 1268 ln
981 1235 1084 1287 genere·
1094 1235 1159 1270 vero
1175 1216 1210 1270 de
1286 1277 1289 1286 ‚

161 1289 278 1362 Cynicis,
290 1309 402 1362 quornm
414 1308 445 1342 ea
456 1303 612 1362 tempestate
620 1309 733 1362 magnus
741 1308 797 1348 erat
804 1297 894 1346 Rome
902 1311 1062 1366 proventus,
1073 1298 1143 1350 male
1154 1315 1211 1351 sen·

160 1385 249 1426 semut
257 1371 406 1426 nouaclum
413 1373 456 1426 isti
462 1391 553 1426 osores
559 1372 708 1426 Graecarum
715 1373 988 1445 disciplinarum,sed
994 1381 1079 1430 <etiam
1087 1379 1210 1433 elis-ucis

52 1499 58 1508 .
159 1454 346 1525 sapientissimi
358 1454 472 1525 quique:
484 1471 539 1506 non
552 1455 623 1506 enim
634 1469 698 1506 vers
709 1457 804 1506 virtute
818 1453 1020 1510 admirationem
1034 1459 1210 1532 colligeban13

161 1531 208 1583 sed
216 1531 304 1584 vultus
315 1533 477 1597 territatum,
488 1545 514 1584 et
527 1533 675 1595 tristitiam,
691 1549 722 1582 sc
733 1531 932 1585 dissentientem
948 1555 962 1585 a
977 1539 1076 1590 ceteris
1090 1537 1211 1592 habitum

160 1613 280 1682 pessimis
288 1611 407 1664 moribus
415 1623 496 1681 etque
503 1613 615 1681 impurae
620 1609 790 1662 obscoenitati
797 1607 1008 1682 pretendebant.
1018 1637 1030 1662 ι
1041 1617 1211 1688 begeDionis

160 1691 340 1764 chrysostomi
353 1708 502 1745 sermonem
514 1690 680 1767 Aletendpiae
688 1689 818 1742 habitum.
831 1691 889 1744 Vid.
904 1693 1023 1763 ejusdem
1031 1697 1113 1749 Dion.
1125 1699 1212 1753 XXIV

161 1771 190 1823 in
206 1775 351 1844 principi03
367 1773 461 1825 Horat:
475 1773 528 1825 Sat.
544 1775 572 1838 l,
587 1772 618 1838 3,
635 1772 684 1825 133
698 1789 772 1844 sqq.;
788 1771 881 1827 Senes.
900 1773 990 1827 deira
1006 1777 1055 1845 lli,
1070 1778 1117 1843 38;
1132 1781 1210 1854 Diog.

160 1852 245 1906 baert.
261 1854 307 1906 lib.
320 1855 413 1906 V1.-
423 1853 544 1908 Nonuriu
552 1872 562 1914 ,·
579 1852 677 1904 femina
696 1869 754 1925 qne
768 1865 888 1924 prestat,
902 1855 1037 1926 *turpioris
1050 1873 1118 1912 notu
1133 1877 1213 1932 quam

153 1936 296 2001 'mmmmm
313 1933 384 1987 dicta
400 1936 480 1986 etiam
496 1931 656 2005 prostibula.
671 1933 790 1985 Narona
804 1945 906 2003 autem,
923 1934 998 2008 qnod
1013 1936 1047 1989 ab
1061 1937 1127 1992 hore
1140 1957 1213 1994 nona

161 2025 284 2086 prostare
296 2015 438 2086 inciperet,
456 2028 538 2086 qnuut
550 2027 613 2066 ante
625 2013 719 2066 clause
732 2019 820 2066 essent
831 2015 903 2067 iores
917 2015 959 2068 vel
972 2035 1005 2069 ex
1019 2036 1108 2086 more,
1122 2018 1163 2071 vel
1181 2039 1212 2072 ex

161 2091 232 2164 lege,
244 2092 286 2146 vel
301 2109 333 2145 er
344 2093 432 2146 edicto
444 2094 562 2164 prefecti
570 2091 657 2145 urbis.
671 2095 744 2148 liora
757 2109 828 2146 nonu
839 2094 913 2168 apud
926 2107 1029 2150 veteres
1042 2097 1212 2168 procurando

161 2175 268 2244 corpori
278 2171 463 2226 accommode:
478 2189 562 2244 quare
574 2175 653 2225 stiam
664 2173 715 2224 siri
726 2171 809 2226 sobrii
820 2173 932 2226 cultore
943 2175 977 2227 ad
986 2193 1088 2228 coenam
1101 2195 1130 2230 se
1142 2195 1213 2229 com·
1302 2199 1305 2205 ·

160 2251 305 2323 parabant,
318 2265 349 2304 ut
361 2250 393 2305 de
405 2253 497 2304 Marco
510 2253 648 2304 Antonino
660 2263 773 2304 testetur
785 2253 916 2317 Galenus,
931 2253 964 2305 de
976 2253 1115 2306 Monachis
1127 2253 1211 2308 Palla·

161 2327 235 2396 dius,
244 2332 408 2401 Augustinus
416 2329 450 2380 de
460 2348 497 2382 se.
507 2331 638 2394 Aristeas,
648 2330 840 2382 vetustissimus
849 2329 977 2400 scriptor,
987 2346 1056 2384 uuus
1067 2331 1160 2383 enxx
1169 2336 1212 2384 ln·

160 2409 322 2481 terpretibus
330 2432 336 2460 :
341 2405 412 2478 μὸχρι
419 2406 462 2475 μὲν
470 2407 529 2476 alpes
539 2405 632 2462 insitas
644 2405 678 2460 coi
688 2405 729 2462 τῖε
740 2407 854 2476 wrsipies
864 2407 961 2474 ipisus·
968 2407 1034 2473 psnai
1043 2407 1152 2462 ritate..
1160 2409 1212 2480 περὶ

159 2485 202 2542 cir
214 2491 256 2540 cti
270 2486 377 2554 σύμπας
388 2487 518 2556 &speretius
528 2482 650 2540 iustioris
661 2487 799 2552 pipssrbes.
812 2517 847 2528 -
858 2486 973 2554 Quidam
984 2489 1120 2541 conadam
1129 2492 1211 2546 fuisse

160 2569 255 2622 volunt
271 2571 434 2622 meretricem
450 2567 593 2640 quamdam
606 2581 671 2620 tuno
689 2571 814 2640 temporis
830 2571 1013 2637 notissimam,
1029 2572 1067 2624 sic
1082 2570 1210 2627 dictama

161 2649 249 2710 nonis,
265 2667 323 2720 que
336 2650 405 2700 inter
417 2649 547 2700 infaustos
561 2646 617 2700 dies
636 2645 821 2700 censebantur.
838 2648 959 2701 Maerob.
975 2648 1021 2701 lib.
1039 2653 1058 2702 1.
1078 2650 1165 2704 Minus
1179 2671 1210 2706 ee

161 2726 227 2780 mibi
241 2726 371 2800 probatur
384 2726 576 2796 interpretatio.
591 2753 628 2766 -
639 2725 749 2777 Barium
760 2725 847 2778 vellat.
859 2725 901 2778 Sic
910 2729 1004 2781 fecisse
1015 2729 1129 2800 Diogeni
1140 2731 1209 2804 Lay-

160 2806 222 2860 dem
237 2820 349 2860 testatur
362 2805 518 2872 Athenaeus,
532 2804 578 2857 lib.
593 2807 663 2858 Xlll.
681 2807 796 2876 insignia
808 2819 882 2858 erent
896 2805 1119 2880 philosophorum
1132 2811 1210 2864 barba

160 2900 187 2940 et
198 2887 325 2959 pallium,
341 2888 474 2959 precipue
487 2885 656 2957 Cynicomttt,
674 2888 719 2958 qui
731 2885 1020 2958 iuemnrneglectioris
1032 2887 1148 2942 habitus.
1163 2892 1209 2944 lati

159 2985 222 3020 vero
239 2985 322 3039 quum
338 2967 365 3018 in
381 2965 519 3038 publicum
534 2965 688 3038 prodirent,
706 2964 772 3018 elius
790 2983 837 3017 eos
856 2984 940 3018 sanna
956 2967 1121 3039 excipiebat,
1141 2969 1208 3024 alius

159 3047 308 3099 convicium
320 3045 448 3112 iaciebat,
460 3045 526 3098 alius
538 3045 637 3097 vestem
649 3043 785 3110 trahebat,
796 3044 863 3096 alius
875 3044 980 3095 barbam
993 3045 1148 3112 vellicabat,
1162 3062 1208 3101 eut

158 3127 211 3181 alio
222 3128 317 3201 quovis
329 3126 408 3179 modo
419 3125 547 3180 molestus
559 3141 623 3179 erat.
634 3127 746 3179 Summe
757 3138 845 3177 autem
857 3125 908 3176 fuit
919 3125 1020 3194 injuriae
1035 3128 1138 3180 barium
1152 3129 1207 3181 vel-

158 3206 251 3268 ticam
263 3207 335 3261 unde
349 3207 517 3280 proverbium
529 3205 562 3258 de
576 3207 650 3258 omni
661 3217 816 3277 contemptu
827 3203 866 3257 cir
880 3199 986 3271 ripere
996 3206 1093 3268 citato,
1108 3206 1164 3276 vel,
1175 3224 1206 3263 ut

158 3287 277 3362 loquitur
287 3288 422 3356 Julianus,
435 3287 529 3357 ὖξρίζωι
544 3284 574 3342 sir
584 3282 628 3341 cais
642 3281 682 3337 iel
693 3283 737 3335 cci
745 3285 831 3351 astrion
842 3285 942 3354 τρίχας,
956 3299 983 3340 et
997 3285 1068 3361 apud
1081 3288 1206 3358 Latinos,

158 3367 265 3420 borbum
275 3365 358 3420 alicui
368 3366 470 3418 vellere.
484 3366 533 3417 Cni
545 3363 629 3416 simile
641 3364 668 3415 in
679 3365 716 3429 ll,
729 3364 775 3416 st.
788 3362 823 3415 dc
833 3365 932 3436 impio:

361 3447 874 3507 ldcircottolidemprebettibicsllsreicrloas

360 3517 456 3575 Jupitert

195 3665 264 3716 Nor.
286 3665 343 3732 134.
359 3663 408 3718 His
421 3679 498 3714 maus
508 3661 634 3728 edictum,
646 3672 704 3734 post
716 3661 827 3732 prandia
841 3658 992 3714 Callirhoen
1007 3660 1048 3712 do.
1062 3690 1099 3700 —
1112 3661 1205 3716 Studia

160 3761 252 3796 comm
264 3744 385 3813 exponit,
398 3739 495 3814 quibus
505 3741 644 3792 satirarum
655 3758 761 3794 suarum
770 3739 884 3792 lectione
893 3739 1073 3810 superioribus
1083 3741 1204 3808 versibus

161 3819 301 3874 interdixit.
316 3822 360 3872 Ait
369 3823 432 3873 istos
443 3817 497 3871 duo
510 3819 595 3872 solunt
612 3837 731 3884 curasse,
746 3819 827 3872 edictu
840 3838 935 3890 nempe
949 3817 1068 3888 pretoria
1082 3819 1122 3870 vel
1133 3819 1215 3888 judi-¹

161 3904 216 3967 cia,
230 3915 256 3954 et
268 3901 421 3972 lupanarie3
436 3919 493 3972 qnae
506 3919 535 3953 se
546 3897 597 3952 illis
608 3896 771 3969 relinquere,
787 3901 891 3952 satirica
906 3897 1030 3950 ostendit.
1044 3926 1079 3937 -
1090 3897 1152 3963 His,
1164 3917 1201 3951 sc.

160 3979 349 4033 nebulonibus.
368 4009 404 4021 -
422 3983 517 4041 Mane·
530 3981 594 4052 quia
604 3997 681 4030 mune
689 3977 790 4049 judicia
802 3975 975 4043 exercebant,
991 3989 1018 4029 et
1029 3977 1100 4028 sicci.
1114 3977 1202 4031 llorat.

161 4059 213 4114 sat.
226 4063 262 4128 ll,
274 4059 305 4127 6,
319 4058 368 4112 352

605 4135 692 4171 ...ante
699 4127 816 4171 amman

1006 4201 1037 4266 5.
