<?xml version="1.0" encoding="UTF-8"?>
<!DOCTYPE html PUBLIC "-//W3C//DTD XHTML 1.0 Transitional//EN"
    "http://www.w3.org/TR/xhtml1/DTD/xhtml1-transitional.dtd">
<html xmlns="http://www.w3.org/1999/xhtml" xml:lang="en" lang="en">
 <head>
  <title>
</title>
<meta http-equiv="Content-Type" content="text/html;charset=utf-8" />
  <meta name='ocr-system' content='tesseract 3.04.00' />
  <meta name='ocr-capabilities' content='ocr_page ocr_carea ocr_par ocr_line ocrx_word'/>
</head>
<body>
  <div class='ocr_page' id='page_1' title='image "apersiusflaccus00perrgoog_0098.png"; bbox 0 0 3052 4854; ppageno 0'>
   <div class='ocr_carea' id='block_1_1' title="bbox 297 448 1173 550">
    <p class='ocr_par' dir='ltr' id='par_1_1' title="bbox 297 448 1173 550">
     <span class='ocr_line' id='line_1_1' title="bbox 297 448 1173 550; baseline -0.003 -31"><span class='ocrx_word' id='word_1_1' title='bbox 297 455 342 535; x_wconf 71' lang='grc'>84</span> <span class='ocrx_word' id='word_1_2' title='bbox 475 453 629 517; x_wconf 84' lang='lat' dir='ltr'>VARIAE</span> <span class='ocrx_word' id='word_1_3' title='bbox 652 449 926 550; x_wconf 67' lang='lat' dir='ltr'>Lucrlonss</span> <span class='ocrx_word' id='word_1_4' title='bbox 950 449 1012 516; x_wconf 85' lang='lat' dir='ltr'>ET</span> <span class='ocrx_word' id='word_1_5' title='bbox 1035 448 1173 516; x_wconf 84' lang='lat' dir='ltr'>NOTAE</span> 
     </span>
    </p>
   </div>
   <div class='ocr_carea' id='block_1_2' title="bbox 292 573 1359 1066">
    <p class='ocr_par' dir='ltr' id='par_1_2' title="bbox 292 573 1359 1066">
     <span class='ocr_line' id='line_1_2' title="bbox 326 573 1357 640; baseline 0.005 -20"><span class='ocrx_word' id='word_1_6' title='bbox 326 579 388 624; x_wconf 73' lang='lat' dir='ltr'>Ves-</span> <span class='ocrx_word' id='word_1_7' title='bbox 409 574 445 634; x_wconf 71' lang='lat' dir='ltr'>td.</span> <span class='ocrx_word' id='word_1_8' title='bbox 458 577 527 622; x_wconf 73' lang='lat' dir='ltr'>Nereo</span> <span class='ocrx_word' id='word_1_9' title='bbox 533 579 584 640; x_wconf 73' lang='lat' dir='ltr'>jaun</span> <span class='ocrx_word' id='word_1_10' title='bbox 597 577 663 620; x_wconf 80' lang='lat' dir='ltr'>tertia</span> <span class='ocrx_word' id='word_1_11' title='bbox 674 575 781 621; x_wconf 82' lang='lat' dir='ltr'>conditur</span> <span class='ocrx_word' id='word_1_12' title='bbox 791 591 858 620; x_wconf 78' lang='lat' dir='ltr'>uxor.</span> <span class='ocrx_word' id='word_1_13' title='bbox 870 575 907 620; x_wconf 85' lang='lat' dir='ltr'>Sic</span> <span class='ocrx_word' id='word_1_14' title='bbox 918 573 990 620; x_wconf 81' lang='lat' dir='ltr'>hebet</span> <span class='ocrx_word' id='word_1_15' title='bbox 1001 573 1074 622; x_wconf 80' lang='lat' dir='ltr'>rodet</span> <span class='ocrx_word' id='word_1_16' title='bbox 1086 575 1261 639; x_wconf 77' lang='lat' dir='ltr'>probatissimus</span> <span class='ocrx_word' id='word_1_17' title='bbox 1272 577 1357 634; x_wconf 72' lang='lat'><strong>⁸055,</strong></span> 
     </span>
     <span class='ocr_line' id='line_1_3' title="bbox 294 645 1359 713; baseline 0.002 -17"><span class='ocrx_word' id='word_1_18' title='bbox 294 650 381 713; x_wconf 85' lang='lat' dir='ltr'>eiiique</span> <span class='ocrx_word' id='word_1_19' title='bbox 393 650 485 710; x_wconf 73' lang='lat' dir='ltr'>optime</span> <span class='ocrx_word' id='word_1_20' title='bbox 496 659 572 692; x_wconf 81' lang='lat' dir='ltr'>notre:</span> <span class='ocrx_word' id='word_1_21' title='bbox 585 648 677 703; x_wconf 69' lang='lat' dir='ltr'>ceteri,</span> <span class='ocrx_word' id='word_1_22' title='bbox 690 647 816 709; x_wconf 80' lang='lat' dir='ltr'><strong>etquidem</strong></span> <span class='ocrx_word' id='word_1_23' title='bbox 823 645 916 710; x_wconf 84' lang='lat' dir='ltr'>plures,</span> <span class='ocrx_word' id='word_1_24' title='bbox 924 647 999 693; x_wconf 90' lang='lat' dir='ltr'>edunt</span> <span class='ocrx_word' id='word_1_25' title='bbox 1008 647 1109 704; x_wconf 70' lang='lat' dir='ltr'>durium,</span> <span class='ocrx_word' id='word_1_26' title='bbox 1121 648 1186 710; x_wconf 91' lang='lat' dir='ltr'>quod</span> <span class='ocrx_word' id='word_1_27' title='bbox 1198 650 1359 699; x_wconf 78' lang='lat' dir='ltr'>Ceuubonns</span> 
     </span>
     <span class='ocr_line' id='line_1_4' title="bbox 295 717 1359 784; baseline -0.001 -15"><span class='ocrx_word' id='word_1_28' title='bbox 295 735 319 768; x_wconf 91' lang='lat' dir='ltr'>et</span> <span class='ocrx_word' id='word_1_29' title='bbox 333 723 416 784; x_wconf 71' lang='lat' dir='ltr'>Koeniq</span> <span class='ocrx_word' id='word_1_30' title='bbox 430 732 578 782; x_wconf 87' lang='lat' dir='ltr'>receperunt.</span> <span class='ocrx_word' id='word_1_31' title='bbox 595 721 623 766; x_wconf 91' lang='lat' dir='ltr'>At</span> <span class='ocrx_word' id='word_1_32' title='bbox 637 735 692 767; x_wconf 83' lang='lat' dir='ltr'>vero</span> <span class='ocrx_word' id='word_1_33' title='bbox 704 730 796 767; x_wconf 82' lang='lat' dir='ltr'>veteres</span> <span class='ocrx_word' id='word_1_34' title='bbox 810 717 939 766; x_wconf 65' lang='lat' dir='ltr'>scholiasta</span> <span class='ocrx_word' id='word_1_35' title='bbox 953 719 1095 781; x_wconf 86' lang='lat' dir='ltr'>ubicumque</span> <span class='ocrx_word' id='word_1_36' title='bbox 1110 722 1296 784; x_wconf 79' lang='lat' dir='ltr'>Interpretsntur</span> <span class='ocrx_word' id='word_1_37' title='bbox 1309 738 1359 784; x_wconf 87' lang='lat' dir='ltr'>per</span> 
     </span>
     <span class='ocr_line' id='line_1_5' title="bbox 293 790 1358 862; baseline 0 -22"><span class='ocrx_word' id='word_1_38' title='bbox 293 794 386 862; x_wconf 68' lang='lat' dir='ltr'>sepeliit</span> <span class='ocrx_word' id='word_1_39' title='bbox 399 808 494 840; x_wconf 78' lang='lat' dir='ltr'>uxorem</span> <span class='ocrx_word' id='word_1_40' title='bbox 499 826 507 848; x_wconf 88' lang='lat'><em>‚</em></span> <span class='ocrx_word' id='word_1_41' title='bbox 523 790 652 846; x_wconf 75' lang='lat' dir='ltr'>tumulare,</span> <span class='ocrx_word' id='word_1_42' title='bbox 669 803 724 847; x_wconf 76' lang='lat' dir='ltr'>eto,</span> <span class='ocrx_word' id='word_1_43' title='bbox 737 805 782 838; x_wconf 88' lang='lat' dir='ltr'>eto.</span> <span class='ocrx_word' id='word_1_44' title='bbox 798 791 866 837; x_wconf 86' lang='lat' dir='ltr'>Unde</span> <span class='ocrx_word' id='word_1_45' title='bbox 878 792 990 852; x_wconf 78' lang='lat' dir='ltr'>conjicite</span> <span class='ocrx_word' id='word_1_46' title='bbox 1002 791 1130 852; x_wconf 75' lang='lat' dir='ltr'>subjectam</span> <span class='ocrx_word' id='word_1_47' title='bbox 1144 794 1172 839; x_wconf 83' lang='lat' dir='ltr'>iis</span> <span class='ocrx_word' id='word_1_48' title='bbox 1183 794 1253 840; x_wconf 79' lang='lat' dir='ltr'>tuine</span> <span class='ocrx_word' id='word_1_49' title='bbox 1267 811 1358 842; x_wconf 82' lang='lat' dir='ltr'>rocem</span> 
     </span>
     <span class='ocr_line' id='line_1_6' title="bbox 292 861 1358 926; baseline -0.001 -14"><span class='ocrx_word' id='word_1_50' title='bbox 292 867 405 912; x_wconf 84' lang='lat' dir='ltr'>conditur.</span> <span class='ocrx_word' id='word_1_51' title='bbox 416 864 488 919; x_wconf 81' lang='lat' dir='ltr'>Nam,</span> <span class='ocrx_word' id='word_1_52' title='bbox 496 863 540 909; x_wconf 90' lang='lat' dir='ltr'>etsi</span> <span class='ocrx_word' id='word_1_53' title='bbox 550 872 631 908; x_wconf 89' lang='lat' dir='ltr'>monet</span> <span class='ocrx_word' id='word_1_54' title='bbox 639 861 732 908; x_wconf 84' lang='lat' dir='ltr'>Servius</span> <span class='ocrx_word' id='word_1_55' title='bbox 742 862 840 908; x_wconf 80' lang='lat' dir='ltr'>verbnm</span> <span class='ocrx_word' id='word_1_56' title='bbox 850 861 905 907; x_wconf 84' lang='lat' dir='ltr'>duri</span> <span class='ocrx_word' id='word_1_57' title='bbox 912 862 1007 924; x_wconf 79' lang='lat' dir='ltr'>proprie</span> <span class='ocrx_word' id='word_1_58' title='bbox 1015 861 1045 908; x_wconf 89' lang='lat' dir='ltr'>de</span> <span class='ocrx_word' id='word_1_59' title='bbox 1053 863 1177 910; x_wconf 75' lang='lat' dir='ltr'>funeribus</span> <span class='ocrx_word' id='word_1_60' title='bbox 1184 867 1308 926; x_wconf 80' lang='lat' dir='ltr'>usurperi.</span> <span class='ocrx_word' id='word_1_61' title='bbox 1322 877 1358 912; x_wconf 79' lang='lat' dir='ltr'>te·</span> 
     </span>
     <span class='ocr_line' id='line_1_7' title="bbox 294 931 1358 1000; baseline -0.002 -15"><span class='ocrx_word' id='word_1_62' title='bbox 294 954 348 985; x_wconf 89' lang='lat' dir='ltr'>men</span> <span class='ocrx_word' id='word_1_63' title='bbox 361 949 427 1000; x_wconf 82' lang='lat' dir='ltr'>patet</span> <span class='ocrx_word' id='word_1_64' title='bbox 439 953 468 982; x_wconf 84' lang='lat' dir='ltr'>es</span> <span class='ocrx_word' id='word_1_65' title='bbox 480 947 602 982; x_wconf 79' lang='lat' dir='ltr'>auctorum</span> <span class='ocrx_word' id='word_1_66' title='bbox 615 931 718 980; x_wconf 90' lang='lat' dir='ltr'>lectione</span> <span class='ocrx_word' id='word_1_67' title='bbox 733 949 828 980; x_wconf 79' lang='lat' dir='ltr'>uxorem</span> <span class='ocrx_word' id='word_1_68' title='bbox 842 933 923 980; x_wconf 81' lang='lat' dir='ltr'>ducere</span> <span class='ocrx_word' id='word_1_69' title='bbox 936 935 1067 996; x_wconf 74' lang='lat' dir='ltr'>significare</span> <span class='ocrx_word' id='word_1_70' title='bbox 1081 935 1208 992; x_wconf 65' lang='lat' dir='ltr'>duceread</span> <span class='ocrx_word' id='word_1_71' title='bbox 1220 954 1297 994; x_wconf 77' lang='lat' dir='ltr'>arem,</span> <span class='ocrx_word' id='word_1_72' title='bbox 1317 936 1358 984; x_wconf 86' lang='lat' dir='ltr'>vei</span> 
     </span>
     <span class='ocr_line' id='line_1_8' title="bbox 292 1003 1358 1066; baseline 0 -14"><span class='ocrx_word' id='word_1_73' title='bbox 292 1007 396 1066; x_wconf 90' lang='lat' dir='ltr'>domum,</span> <span class='ocrx_word' id='word_1_74' title='bbox 408 1009 422 1053; x_wconf 85' lang='lat' dir='ltr'>i.</span> <span class='ocrx_word' id='word_1_75' title='bbox 431 1023 452 1053; x_wconf 89' lang='lat' dir='ltr'>e.</span> <span class='ocrx_word' id='word_1_76' title='bbox 461 1007 485 1051; x_wconf 93' lang='lat' dir='ltr'>in</span> <span class='ocrx_word' id='word_1_77' title='bbox 493 1003 664 1050; x_wconf 73' lang='lat' dir='ltr'>mauimonium</span> <span class='ocrx_word' id='word_1_78' title='bbox 675 1003 764 1059; x_wconf 73' lang='lat' dir='ltr'>ducere,</span> <span class='ocrx_word' id='word_1_79' title='bbox 774 1003 870 1048; x_wconf 89' lang='lat' dir='ltr'>minime</span> <span class='ocrx_word' id='word_1_80' title='bbox 880 1019 936 1050; x_wconf 78' lang='lat' dir='ltr'>vero</span> <span class='ocrx_word' id='word_1_81' title='bbox 944 1003 1026 1050; x_wconf 82' lang='lat' dir='ltr'>ducere</span> <span class='ocrx_word' id='word_1_82' title='bbox 1036 1003 1196 1054; x_wconf 71' lang='lat' dir='ltr'>adsumite</span> <span class='ocrx_word' id='word_1_83' title='bbox 1207 1020 1233 1052; x_wconf 91' lang='lat' dir='ltr'>ut</span> <span class='ocrx_word' id='word_1_84' title='bbox 1242 1005 1288 1054; x_wconf 87' lang='lat' dir='ltr'>boc</span> <span class='ocrx_word' id='word_1_85' title='bbox 1299 1009 1358 1054; x_wconf 84' lang='lat' dir='ltr'>Pen-</span> 
     </span>
    </p>
   </div>
   <div class='ocr_carea' id='block_1_3' title="bbox 292 1073 1358 1284">
    <p class='ocr_par' dir='ltr' id='par_1_3' title="bbox 292 1073 1358 1284">
     <span class='ocr_line' id='line_1_9' title="bbox 293 1073 1358 1140; baseline 0.001 -16"><span class='ocrx_word' id='word_1_86' title='bbox 293 1081 320 1126; x_wconf 89' lang='lat' dir='ltr'>sii</span> <span class='ocrx_word' id='word_1_87' title='bbox 335 1080 388 1128; x_wconf 79' lang='lat' dir='ltr'>Ioco</span> <span class='ocrx_word' id='word_1_88' title='bbox 402 1094 452 1124; x_wconf 91' lang='lat' dir='ltr'>non</span> <span class='ocrx_word' id='word_1_89' title='bbox 465 1077 539 1140; x_wconf 77' lang='lat' dir='ltr'>possis</span> <span class='ocrx_word' id='word_1_90' title='bbox 552 1076 701 1137; x_wconf 72' lang='lat' dir='ltr'>interpretari</span> <span class='ocrx_word' id='word_1_91' title='bbox 715 1074 809 1119; x_wconf 77' lang='lat' dir='ltr'><em>ducitur</em></span> <span class='ocrx_word' id='word_1_92' title='bbox 819 1089 880 1120; x_wconf 78' lang='lat' dir='ltr'>uxor</span> <span class='ocrx_word' id='word_1_93' title='bbox 892 1090 936 1136; x_wconf 90' lang='lat' dir='ltr'>per</span> <span class='ocrx_word' id='word_1_94' title='bbox 950 1073 1078 1120; x_wconf 66' lang='lat' dir='ltr'>aemuletur</span> <span class='ocrx_word' id='word_1_95' title='bbox 1092 1092 1158 1122; x_wconf 83' lang='lat' dir='ltr'>uror.</span> <span class='ocrx_word' id='word_1_96' title='bbox 1174 1079 1246 1138; x_wconf 74' lang='lat' dir='ltr'>Iflitur</span> <span class='ocrx_word' id='word_1_97' title='bbox 1259 1077 1358 1140; x_wconf 64' lang='lat' dir='ltr'>praetuli</span> 
     </span>
     <span class='ocr_line' id='line_1_10' title="bbox 292 1143 1356 1211; baseline 0 -15"><span class='ocrx_word' id='word_1_98' title='bbox 292 1151 411 1205; x_wconf 69' lang='lat' dir='ltr'>conetur,</span> <span class='ocrx_word' id='word_1_99' title='bbox 424 1147 488 1211; x_wconf 92' lang='lat' dir='ltr'>quod</span> <span class='ocrx_word' id='word_1_100' title='bbox 500 1146 572 1191; x_wconf 83' lang='lat' dir='ltr'>hebet</span> <span class='ocrx_word' id='word_1_101' title='bbox 585 1146 610 1190; x_wconf 91' lang='lat' dir='ltr'>iu</span> <span class='ocrx_word' id='word_1_102' title='bbox 625 1145 700 1190; x_wconf 83' lang='lat' dir='ltr'>MMS.</span> <span class='ocrx_word' id='word_1_103' title='bbox 718 1143 793 1200; x_wconf 74' lang='lat'><strong>8055,</strong></span> <span class='ocrx_word' id='word_1_104' title='bbox 807 1143 884 1206; x_wconf 77' lang='lat'>8070,</span> <span class='ocrx_word' id='word_1_105' title='bbox 898 1143 960 1206; x_wconf 81' lang='lat'><strong>⁸²7³</strong></span> <span class='ocrx_word' id='word_1_106' title='bbox 973 1143 1070 1209; x_wconf 84' lang='lat' dir='ltr'>siiirque</span> <span class='ocrx_word' id='word_1_107' title='bbox 1082 1145 1180 1194; x_wconf 87' lang='lat' dir='ltr'>muitum</span> <span class='ocrx_word' id='word_1_108' title='bbox 1192 1151 1356 1205; x_wconf 71' lang='lat' dir='ltr'>auctoritatis,</span> 
     </span>
     <span class='ocr_line' id='line_1_11' title="bbox 295 1219 1115 1284; baseline -0.01 -14"><span class='ocrx_word' id='word_1_109' title='bbox 295 1236 436 1284; x_wconf 78' lang='lat' dir='ltr'>semumque</span> <span class='ocrx_word' id='word_1_110' title='bbox 448 1219 572 1282; x_wconf 89' lang='lat' dir='ltr'>potiorem.</span> <span class='ocrx_word' id='word_1_111' title='bbox 1111 1225 1115 1234; x_wconf 93' lang='grc'><strong>“</strong></span> 
     </span>
    </p>
   </div>
   <div class='ocr_carea' id='block_1_4' title="bbox 294 1320 1356 1877">
    <p class='ocr_par' dir='ltr' id='par_1_4' title="bbox 294 1320 1356 1877">
     <span class='ocr_line' id='line_1_12' title="bbox 328 1320 1356 1398; baseline 0.004 -21"><span class='ocrx_word' id='word_1_112' title='bbox 328 1329 397 1380; x_wconf 83' lang='lat' dir='ltr'>Nor.</span> <span class='ocrx_word' id='word_1_113' title='bbox 412 1325 451 1394; x_wconf 69' lang='lat'>14.</span> <span class='ocrx_word' id='word_1_114' title='bbox 469 1325 550 1378; x_wconf 79' lang='lat' dir='ltr'>Nerio</span> <span class='ocrx_word' id='word_1_115' title='bbox 559 1325 621 1396; x_wconf 84' lang='lat' dir='ltr'>jam</span> <span class='ocrx_word' id='word_1_116' title='bbox 637 1322 711 1373; x_wconf 83' lang='lat' dir='ltr'>tertio</span> <span class='ocrx_word' id='word_1_117' title='bbox 725 1321 849 1374; x_wconf 82' lang='lat' dir='ltr'>conditur</span> <span class='ocrx_word' id='word_1_118' title='bbox 860 1339 933 1374; x_wconf 78' lang='lat' dir='ltr'>uxor.</span> <span class='ocrx_word' id='word_1_119' title='bbox 942 1320 1087 1375; x_wconf 72' lang='lat' dir='ltr'>-Averus</span> <span class='ocrx_word' id='word_1_120' title='bbox 1099 1325 1147 1376; x_wconf 88' lang='lat' dir='ltr'>iste</span> <span class='ocrx_word' id='word_1_121' title='bbox 1160 1326 1247 1376; x_wconf 89' lang='lat' dir='ltr'>minus</span> <span class='ocrx_word' id='word_1_122' title='bbox 1260 1341 1356 1398; x_wconf 78' lang='lat' dir='ltr'>aperte</span> 
     </span>
     <span class='ocr_line' id='line_1_13' title="bbox 294 1400 1354 1478; baseline -0.001 -16"><span class='ocrx_word' id='word_1_123' title='bbox 294 1409 395 1462; x_wconf 77' lang='lat' dir='ltr'>nefaria</span> <span class='ocrx_word' id='word_1_124' title='bbox 408 1424 457 1458; x_wconf 83' lang='lat' dir='ltr'>sue</span> <span class='ocrx_word' id='word_1_125' title='bbox 467 1417 528 1458; x_wconf 85' lang='lat' dir='ltr'>vote</span> <span class='ocrx_word' id='word_1_126' title='bbox 542 1403 677 1475; x_wconf 80' lang='lat' dir='ltr'>exprimit,</span> <span class='ocrx_word' id='word_1_127' title='bbox 692 1403 737 1474; x_wconf 91' lang='lat' dir='ltr'>qui</span> <span class='ocrx_word' id='word_1_128' title='bbox 751 1401 862 1454; x_wconf 77' lang='lat' dir='ltr'>ulterius</span> <span class='ocrx_word' id='word_1_129' title='bbox 875 1405 940 1454; x_wconf 85' lang='lat' dir='ltr'>sorti</span> <span class='ocrx_word' id='word_1_130' title='bbox 952 1400 1082 1472; x_wconf 78' lang='lat' dir='ltr'>inrident,</span> <span class='ocrx_word' id='word_1_131' title='bbox 1095 1403 1168 1476; x_wconf 90' lang='lat' dir='ltr'>quod</span> <span class='ocrx_word' id='word_1_132' title='bbox 1180 1407 1283 1458; x_wconf 76' lang='lat' dir='ltr'>tertiam</span> <span class='ocrx_word' id='word_1_133' title='bbox 1292 1410 1354 1478; x_wconf 80' lang='lat' dir='ltr'>jam</span> 
     </span>
     <span class='ocr_line' id='line_1_14' title="bbox 295 1481 1355 1556; baseline -0.002 -13"><span class='ocrx_word' id='word_1_134' title='bbox 295 1488 413 1543; x_wconf 80' lang='lat' dir='ltr'>omiserit</span> <span class='ocrx_word' id='word_1_135' title='bbox 424 1503 549 1551; x_wconf 84' lang='lat' dir='ltr'>uxorem,</span> <span class='ocrx_word' id='word_1_136' title='bbox 562 1485 579 1534; x_wconf 94' lang='lat' dir='ltr'>i.</span> <span class='ocrx_word' id='word_1_137' title='bbox 594 1501 617 1534; x_wconf 94' lang='lat' dir='ltr'>e.</span> <span class='ocrx_word' id='word_1_138' title='bbox 632 1484 709 1534; x_wconf 86' lang='lat' dir='ltr'>tertia</span> <span class='ocrx_word' id='word_1_139' title='bbox 717 1483 773 1552; x_wconf 83' lang='lat' dir='ltr'>jam</span> <span class='ocrx_word' id='word_1_140' title='bbox 785 1481 848 1535; x_wconf 85' lang='lat' dir='ltr'>dote</span> <span class='ocrx_word' id='word_1_141' title='bbox 860 1483 940 1535; x_wconf 86' lang='lat' dir='ltr'>fuerit</span> <span class='ocrx_word' id='word_1_142' title='bbox 952 1485 1061 1554; x_wconf 84' lang='lat' dir='ltr'>potitus.</span> <span class='ocrx_word' id='word_1_143' title='bbox 1074 1484 1154 1556; x_wconf 82' lang='lat' dir='ltr'>Apud</span> <span class='ocrx_word' id='word_1_144' title='bbox 1164 1499 1266 1539; x_wconf 82' lang='lat' dir='ltr'>veteres</span> <span class='ocrx_word' id='word_1_145' title='bbox 1280 1490 1355 1541; x_wconf 88' lang='lat' dir='ltr'>enim</span> 
     </span>
     <span class='ocr_line' id='line_1_15' title="bbox 295 1561 1353 1637; baseline -0.002 -15"><span class='ocrx_word' id='word_1_146' title='bbox 295 1571 431 1622; x_wconf 75' lang='lat' dir='ltr'>Romanos</span> <span class='ocrx_word' id='word_1_147' title='bbox 443 1565 492 1620; x_wconf 84' lang='lat' dir='ltr'>dos</span> <span class='ocrx_word' id='word_1_148' title='bbox 505 1562 672 1637; x_wconf 82' lang='lat' dir='ltr'>pertinebat,</span> <span class='ocrx_word' id='word_1_149' title='bbox 683 1564 771 1633; x_wconf 89' lang='lat' dir='ltr'>primo</span> <span class='ocrx_word' id='word_1_150' title='bbox 784 1563 885 1628; x_wconf 86' lang='lat' dir='ltr'>omnis,</span> <span class='ocrx_word' id='word_1_151' title='bbox 897 1561 959 1614; x_wconf 91' lang='lat' dir='ltr'>dein</span> <span class='ocrx_word' id='word_1_152' title='bbox 972 1579 1005 1615; x_wconf 84' lang='lat' dir='ltr'>ex</span> <span class='ocrx_word' id='word_1_153' title='bbox 1016 1575 1092 1635; x_wconf 82' lang='lat' dir='ltr'>porte</span> <span class='ocrx_word' id='word_1_154' title='bbox 1105 1562 1138 1615; x_wconf 83' lang='lat' dir='ltr'>ad</span> <span class='ocrx_word' id='word_1_155' title='bbox 1150 1566 1353 1620; x_wconf 74' lang='lat' dir='ltr'>moritumir&#39;id.</span> 
     </span>
     <span class='ocr_line' id='line_1_16' title="bbox 294 1640 1352 1716; baseline 0.002 -18"><span class='ocrx_word' id='word_1_156' title='bbox 294 1650 420 1703; x_wconf 82' lang='lat' dir='ltr'>Heineco.</span> <span class='ocrx_word' id='word_1_157' title='bbox 434 1648 525 1716; x_wconf 85' lang='lat' dir='ltr'>Antiq.</span> <span class='ocrx_word' id='word_1_158' title='bbox 538 1643 584 1696; x_wconf 84' lang='lat' dir='ltr'>tib.</span> <span class='ocrx_word' id='word_1_159' title='bbox 598 1646 624 1710; x_wconf 92' lang='lat' dir='ltr'>I,</span> <span class='ocrx_word' id='word_1_160' title='bbox 634 1644 674 1694; x_wconf 89' lang='lat' dir='ltr'>tit.</span> <span class='ocrx_word' id='word_1_161' title='bbox 687 1642 731 1708; x_wconf 86' lang='lat'>50,</span> <span class='ocrx_word' id='word_1_162' title='bbox 744 1640 758 1713; x_wconf 86' lang='lat'><em>§</em></span> <span class='ocrx_word' id='word_1_163' title='bbox 772 1660 785 1712; x_wconf 90' lang='lat'>7</span> <span class='ocrx_word' id='word_1_164' title='bbox 796 1664 804 1706; x_wconf 90' lang='lat'>;</span> <span class='ocrx_word' id='word_1_165' title='bbox 816 1641 922 1714; x_wconf 83' lang='lat' dir='ltr'>Uipisn.</span> <span class='ocrx_word' id='word_1_166' title='bbox 935 1643 1039 1714; x_wconf 73' lang='lat' dir='ltr'>Fregm.</span> <span class='ocrx_word' id='word_1_167' title='bbox 1050 1643 1124 1710; x_wconf 84' lang='lat' dir='ltr'>VIII,</span> <span class='ocrx_word' id='word_1_168' title='bbox 1136 1643 1267 1712; x_wconf 66' lang='lat' dir='ltr'>43Veier.</span> <span class='ocrx_word' id='word_1_169' title='bbox 1278 1647 1352 1700; x_wconf 77' lang='lat' dir='ltr'>Max.</span> 
     </span>
     <span class='ocr_line' id='line_1_17' title="bbox 294 1723 1353 1800; baseline 0.002 -24"><span class='ocrx_word' id='word_1_170' title='bbox 294 1733 355 1797; x_wconf 78' lang='lat' dir='ltr'>VH,</span> <span class='ocrx_word' id='word_1_171' title='bbox 369 1748 394 1800; x_wconf 82' lang='lat'>7,</span> <span class='ocrx_word' id='word_1_172' title='bbox 407 1727 437 1794; x_wconf 69' lang='lat' dir='ltr'>q,</span> <span class='ocrx_word' id='word_1_173' title='bbox 451 1725 543 1796; x_wconf 88' lang='lat' dir='ltr'>ibique</span> <span class='ocrx_word' id='word_1_174' title='bbox 557 1737 643 1776; x_wconf 79' lang='lat' dir='ltr'>notes.</span> <span class='ocrx_word' id='word_1_175' title='bbox 652 1723 791 1784; x_wconf 85' lang='lat' dir='ltr'>—Nen&#39;c‚·</span> <span class='ocrx_word' id='word_1_176' title='bbox 803 1724 883 1774; x_wconf 84' lang='lat' dir='ltr'>fuerit</span> <span class='ocrx_word' id='word_1_177' title='bbox 897 1741 995 1774; x_wconf 90' lang='lat' dir='ltr'>nomen</span> <span class='ocrx_word' id='word_1_178' title='bbox 1011 1725 1037 1774; x_wconf 92' lang='lat' dir='ltr'>in</span> <span class='ocrx_word' id='word_1_179' title='bbox 1050 1725 1201 1776; x_wconf 89' lang='lat' dir='ltr'>universum</span> <span class='ocrx_word' id='word_1_180' title='bbox 1217 1727 1353 1796; x_wconf 82' lang='lat' dir='ltr'>positum,</span> 
     </span>
     <span class='ocr_line' id='line_1_18' title="bbox 297 1802 1287 1877; baseline -0.007 -14"><span class='ocrx_word' id='word_1_181' title='bbox 297 1829 331 1862; x_wconf 88' lang='lat' dir='ltr'>en</span> <span class='ocrx_word' id='word_1_182' title='bbox 344 1810 408 1863; x_wconf 87' lang='lat' dir='ltr'>certi</span> <span class='ocrx_word' id='word_1_183' title='bbox 419 1803 559 1876; x_wconf 82' lang='lat' dir='ltr'>cujusdem</span> <span class='ocrx_word' id='word_1_184' title='bbox 569 1803 646 1854; x_wconf 81' lang='lat' dir='ltr'>Nen&#39;i</span> <span class='ocrx_word' id='word_1_185' title='bbox 652 1842 661 1870; x_wconf 91' lang='lat'>,</span> <span class='ocrx_word' id='word_1_186' title='bbox 673 1803 718 1873; x_wconf 91' lang='lat' dir='ltr'>qui</span> <span class='ocrx_word' id='word_1_187' title='bbox 734 1804 813 1854; x_wconf 76' lang='lat' dir='ltr'>Persii</span> <span class='ocrx_word' id='word_1_188' title='bbox 825 1803 917 1854; x_wconf 85' lang='lat' dir='ltr'>vixerit</span> <span class='ocrx_word' id='word_1_189' title='bbox 929 1802 1107 1874; x_wconf 87' lang='lat' dir='ltr'>temporibus,</span> <span class='ocrx_word' id='word_1_190' title='bbox 1119 1803 1184 1855; x_wconf 90' lang='lat' dir='ltr'>nihil</span> <span class='ocrx_word' id='word_1_191' title='bbox 1197 1802 1287 1877; x_wconf 88' lang='lat' dir='ltr'>qunet.</span> 
     </span>
    </p>
   </div>
   <div class='ocr_carea' id='block_1_5' title="bbox 294 1929 1354 3038">
    <p class='ocr_par' dir='ltr' id='par_1_5' title="bbox 294 1929 1354 3038">
     <span class='ocr_line' id='line_1_19' title="bbox 331 1929 1353 2005; baseline -0.008 -15"><span class='ocrx_word' id='word_1_192' title='bbox 331 1940 399 1990; x_wconf 79' lang='lat' dir='ltr'>Nor.</span> <span class='ocrx_word' id='word_1_193' title='bbox 413 1931 454 1987; x_wconf 79' lang='lat'>15.</span> <span class='ocrx_word' id='word_1_194' title='bbox 466 1932 530 1984; x_wconf 76' lang='lat' dir='ltr'>Huc</span> <span class='ocrx_word' id='word_1_195' title='bbox 543 1941 629 1984; x_wconf 81' lang='lat' dir='ltr'>sancte</span> <span class='ocrx_word' id='word_1_196' title='bbox 638 1941 668 1981; x_wconf 84' lang='lat' dir='ltr'>ut</span> <span class='ocrx_word' id='word_1_197' title='bbox 675 1947 778 2000; x_wconf 81' lang='lat' dir='ltr'>posces,</span> <span class='ocrx_word' id='word_1_198' title='bbox 790 1929 912 1981; x_wconf 85' lang='lat' dir='ltr'>Tiberine</span> <span class='ocrx_word' id='word_1_199' title='bbox 922 1929 950 1980; x_wconf 82' lang='lat' dir='ltr'>in</span> <span class='ocrx_word' id='word_1_200' title='bbox 958 1931 1061 2005; x_wconf 67' lang='lat' dir='ltr'>perpitc</span> <span class='ocrx_word' id='word_1_201' title='bbox 1072 1930 1164 2004; x_wconf 71' lang='lat' dir='ltr'>merpir</span> <span class='ocrx_word' id='word_1_202' title='bbox 1174 1931 1256 1982; x_wconf 81' lang='lat' dir='ltr'>Mane</span> <span class='ocrx_word' id='word_1_203' title='bbox 1267 1942 1353 2002; x_wconf 84' lang='lat' dir='ltr'>eaput</span> 
     </span>
     <span class='ocr_line' id='line_1_20' title="bbox 295 2009 1354 2089; baseline -0.004 -22"><span class='ocrx_word' id='word_1_204' title='bbox 295 2020 331 2072; x_wconf 69' lang='lat' dir='ltr'>bis</span> <span class='ocrx_word' id='word_1_205' title='bbox 343 2029 440 2089; x_wconf 83' lang='lat' dir='ltr'>terque.</span> <span class='ocrx_word' id='word_1_206' title='bbox 450 2043 485 2052; x_wconf 94' lang='lat'>—</span> <span class='ocrx_word' id='word_1_207' title='bbox 494 2013 572 2080; x_wconf 85' lang='lat' dir='ltr'>Hoee,</span> <span class='ocrx_word' id='word_1_208' title='bbox 585 2012 647 2062; x_wconf 82' lang='lat' dir='ltr'>nefa</span> <span class='ocrx_word' id='word_1_209' title='bbox 652 2011 689 2060; x_wconf 82' lang='lat' dir='ltr'>rin</span> <span class='ocrx_word' id='word_1_210' title='bbox 703 2009 811 2061; x_wconf 86' lang='lat' dir='ltr'>scilicet.</span> <span class='ocrx_word' id='word_1_211' title='bbox 819 2011 957 2062; x_wconf 83' lang='lat' dir='ltr'>—Snnete</span> <span class='ocrx_word' id='word_1_212' title='bbox 969 2020 1000 2062; x_wconf 83' lang='lat' dir='ltr'>ut</span> <span class='ocrx_word' id='word_1_213' title='bbox 1008 2027 1112 2080; x_wconf 57' lang='lat' dir='ltr'>posenn-</span> <span class='ocrx_word' id='word_1_214' title='bbox 1122 2011 1235 2076; x_wconf 84' lang='lat' dir='ltr'>ironice,</span> <span class='ocrx_word' id='word_1_215' title='bbox 1252 2023 1277 2062; x_wconf 91' lang='lat' dir='ltr'>et</span> <span class='ocrx_word' id='word_1_216' title='bbox 1289 2014 1354 2082; x_wconf 87' lang='lat' dir='ltr'>qni·</span> 
     </span>
     <span class='ocr_line' id='line_1_21' title="bbox 296 2089 1352 2164; baseline -0.007 -14"><span class='ocrx_word' id='word_1_217' title='bbox 296 2098 357 2150; x_wconf 92' lang='lat' dir='ltr'>dem</span> <span class='ocrx_word' id='word_1_218' title='bbox 368 2095 528 2149; x_wconf 78' lang='lat' dir='ltr'>felicissime.</span> <span class='ocrx_word' id='word_1_219' title='bbox 537 2121 573 2134; x_wconf 93' lang='lat'>-</span> <span class='ocrx_word' id='word_1_220' title='bbox 582 2091 706 2143; x_wconf 82' lang='lat' dir='ltr'>Tiberino</span> <span class='ocrx_word' id='word_1_221' title='bbox 720 2089 747 2139; x_wconf 82' lang='lat' dir='ltr'>in</span> <span class='ocrx_word' id='word_1_222' title='bbox 755 2091 872 2164; x_wconf 67' lang='lat' dir='ltr'>perpete,</span> <span class='ocrx_word' id='word_1_223' title='bbox 884 2089 978 2152; x_wconf 89' lang='lat' dir='ltr'>idest,</span> <span class='ocrx_word' id='word_1_224' title='bbox 991 2091 1018 2140; x_wconf 88' lang='lat' dir='ltr'>in</span> <span class='ocrx_word' id='word_1_225' title='bbox 1027 2089 1131 2142; x_wconf 78' lang='lat' dir='ltr'>Tiberis</span> <span class='ocrx_word' id='word_1_226' title='bbox 1143 2089 1264 2158; x_wconf 85' lang='lat' dir='ltr'>flumine,</span> <span class='ocrx_word' id='word_1_227' title='bbox 1279 2107 1352 2162; x_wconf 77' lang='lat' dir='ltr'>equa</span> 
     </span>
     <span class='ocr_line' id='line_1_22' title="bbox 295 2167 1353 2247; baseline -0.007 -18"><span class='ocrx_word' id='word_1_228' title='bbox 295 2176 403 2236; x_wconf 79' lang='lat' dir='ltr'>fluenti,</span> <span class='ocrx_word' id='word_1_229' title='bbox 416 2193 475 2247; x_wconf 69' lang='lat' dir='ltr'>quie</span> <span class='ocrx_word' id='word_1_230' title='bbox 487 2172 538 2224; x_wconf 80' lang='lat' dir='ltr'>fuit</span> <span class='ocrx_word' id='word_1_231' title='bbox 551 2167 584 2222; x_wconf 89' lang='lat' dir='ltr'>od</span> <span class='ocrx_word' id='word_1_232' title='bbox 599 2169 765 2235; x_wconf 74' lang='lat' dir='ltr'>ablutiones,</span> <span class='ocrx_word' id='word_1_233' title='bbox 776 2182 806 2220; x_wconf 91' lang='lat' dir='ltr'>ut</span> <span class='ocrx_word' id='word_1_234' title='bbox 819 2171 938 2236; x_wconf 77' lang='lat' dir='ltr'>marine,</span> <span class='ocrx_word' id='word_1_235' title='bbox 951 2169 1277 2245; x_wconf 52' lang='lat' dir='ltr'>consecrate-Merme·</span> <span class='ocrx_word' id='word_1_236' title='bbox 1288 2189 1353 2222; x_wconf 85' lang='lat' dir='ltr'>cum</span> 
     </span>
     <span class='ocr_line' id='line_1_23' title="bbox 296 2247 1353 2328; baseline -0.008 -16"><span class='ocrx_word' id='word_1_237' title='bbox 296 2257 402 2312; x_wconf 87' lang='lat' dir='ltr'>delectu</span> <span class='ocrx_word' id='word_1_238' title='bbox 412 2256 540 2328; x_wconf 85' lang='lat' dir='ltr'>posituro.</span> <span class='ocrx_word' id='word_1_239' title='bbox 551 2251 620 2304; x_wconf 81' lang='lat' dir='ltr'>Nem</span> <span class='ocrx_word' id='word_1_240' title='bbox 631 2251 678 2322; x_wconf 89' lang='lat' dir='ltr'>qui</span> <span class='ocrx_word' id='word_1_241' title='bbox 687 2247 739 2302; x_wconf 82' lang='lat' dir='ltr'>diis</span> <span class='ocrx_word' id='word_1_242' title='bbox 748 2251 859 2302; x_wconf 80' lang='lat' dir='ltr'>infernis</span> <span class='ocrx_word' id='word_1_243' title='bbox 872 2248 1000 2318; x_wconf 76' lang='lat' dir='ltr'>litabunt,</span> <span class='ocrx_word' id='word_1_244' title='bbox 1012 2268 1083 2321; x_wconf 81' lang='lat' dir='ltr'>aque</span> <span class='ocrx_word' id='word_1_245' title='bbox 1093 2269 1120 2304; x_wconf 83' lang='lat' dir='ltr'>se</span> <span class='ocrx_word' id='word_1_246' title='bbox 1132 2263 1236 2304; x_wconf 82' lang='lat' dir='ltr'>tantum</span> <span class='ocrx_word' id='word_1_247' title='bbox 1246 2269 1353 2323; x_wconf 85' lang='lat' dir='ltr'>resper-</span> 
     </span>
     <span class='ocr_line' id='line_1_24' title="bbox 294 2331 1352 2412; baseline -0.007 -19"><span class='ocrx_word' id='word_1_248' title='bbox 294 2340 405 2412; x_wconf 69' lang='lat' dir='ltr'>gebsnn</span> <span class='ocrx_word' id='word_1_249' title='bbox 420 2338 465 2410; x_wconf 81' lang='lat' dir='ltr'>qui</span> <span class='ocrx_word' id='word_1_250' title='bbox 477 2353 539 2388; x_wconf 86' lang='lat' dir='ltr'>vero</span> <span class='ocrx_word' id='word_1_251' title='bbox 552 2333 602 2386; x_wconf 80' lang='lat' dir='ltr'>diis</span> <span class='ocrx_word' id='word_1_252' title='bbox 615 2333 734 2405; x_wconf 84' lang='lat' dir='ltr'>superis,</span> <span class='ocrx_word' id='word_1_253' title='bbox 749 2349 808 2384; x_wconf 86' lang='lat' dir='ltr'>sese</span> <span class='ocrx_word' id='word_1_254' title='bbox 820 2334 982 2407; x_wconf 67' lang='lat' dir='ltr'>merpebnnt,</span> <span class='ocrx_word' id='word_1_255' title='bbox 995 2345 1135 2402; x_wconf 88' lang='lat' dir='ltr'>totumque</span> <span class='ocrx_word' id='word_1_256' title='bbox 1147 2351 1246 2404; x_wconf 87' lang='lat' dir='ltr'>corpus</span> <span class='ocrx_word' id='word_1_257' title='bbox 1258 2331 1352 2386; x_wconf 77' lang='lat' dir='ltr'>ablue·</span> 
     </span>
     <span class='ocr_line' id='line_1_25' title="bbox 294 2409 1352 2484; baseline -0.009 -11"><span class='ocrx_word' id='word_1_258' title='bbox 294 2419 369 2473; x_wconf 83' lang='lat' dir='ltr'>bant.</span> <span class='ocrx_word' id='word_1_259' title='bbox 386 2413 553 2478; x_wconf 80' lang='lat' dir='ltr'>Macrobius,</span> <span class='ocrx_word' id='word_1_260' title='bbox 571 2413 677 2466; x_wconf 83' lang='lat' dir='ltr'>Saturn.</span> <span class='ocrx_word' id='word_1_261' title='bbox 695 2409 741 2462; x_wconf 88' lang='lat' dir='ltr'>lib.</span> <span class='ocrx_word' id='word_1_262' title='bbox 759 2412 808 2478; x_wconf 93' lang='lat' dir='ltr'>III,</span> <span class='ocrx_word' id='word_1_263' title='bbox 825 2429 885 2483; x_wconf 84' lang='lat' dir='ltr'>esp.</span> <span class='ocrx_word' id='word_1_264' title='bbox 900 2411 1075 2464; x_wconf 82' lang='lat' dir='ltr'>rr.-Mane</span> <span class='ocrx_word' id='word_1_265' title='bbox 1090 2411 1229 2482; x_wconf 70' lang='lat' dir='ltr'>ceperitis,</span> <span class='ocrx_word' id='word_1_266' title='bbox 1248 2421 1335 2484; x_wconf 86' lang='lat' dir='ltr'>terque</span> <span class='ocrx_word' id='word_1_267' title='bbox 1341 2435 1352 2475; x_wconf 83' lang='lat'>,-</span> 
     </span>
     <span class='ocr_line' id='line_1_26' title="bbox 296 2489 1352 2571; baseline -0.009 -18"><span class='ocrx_word' id='word_1_268' title='bbox 296 2520 354 2571; x_wconf 80' lang='lat' dir='ltr'>quae</span> <span class='ocrx_word' id='word_1_269' title='bbox 368 2500 456 2552; x_wconf 83' lang='lat' dir='ltr'>omnis</span> <span class='ocrx_word' id='word_1_270' title='bbox 469 2497 519 2548; x_wconf 88' lang='lat' dir='ltr'>rite</span> <span class='ocrx_word' id='word_1_271' title='bbox 531 2495 630 2547; x_wconf 77' lang='lat' dir='ltr'>fiebunt</span> <span class='ocrx_word' id='word_1_272' title='bbox 636 2533 645 2560; x_wconf 93' lang='lat'>,</span> <span class='ocrx_word' id='word_1_273' title='bbox 659 2505 686 2545; x_wconf 94' lang='lat' dir='ltr'>et</span> <span class='ocrx_word' id='word_1_274' title='bbox 697 2505 728 2544; x_wconf 89' lang='lat' dir='ltr'>ut</span> <span class='ocrx_word' id='word_1_275' title='bbox 740 2505 798 2543; x_wconf 82' lang='lat' dir='ltr'>erat</span> <span class='ocrx_word' id='word_1_276' title='bbox 810 2490 884 2545; x_wconf 83' lang='lat' dir='ltr'>cuitu</span> <span class='ocrx_word' id='word_1_277' title='bbox 897 2493 1088 2564; x_wconf 75' lang='lat' dir='ltr'>prescriptum.</span> <span class='ocrx_word' id='word_1_278' title='bbox 1096 2521 1133 2532; x_wconf 91' lang='lat'>--</span> <span class='ocrx_word' id='word_1_279' title='bbox 1143 2489 1352 2544; x_wconf 75' lang='lat' dir='ltr'>Arbitrabantur</span> 
     </span>
     <span class='ocr_line' id='line_1_27' title="bbox 296 2570 1352 2643; baseline -0.007 -13"><span class='ocrx_word' id='word_1_280' title='bbox 296 2592 399 2630; x_wconf 84' lang='lat' dir='ltr'>veteres</span> <span class='ocrx_word' id='word_1_281' title='bbox 409 2574 462 2629; x_wconf 87' lang='lat' dir='ltr'>elui</span> <span class='ocrx_word' id='word_1_282' title='bbox 471 2572 618 2627; x_wconf 89' lang='lat' dir='ltr'>lotionibus</span> <span class='ocrx_word' id='word_1_283' title='bbox 628 2571 702 2625; x_wconf 78' lang='lat' dir='ltr'>iubes</span> <span class='ocrx_word' id='word_1_284' title='bbox 712 2574 848 2643; x_wconf 82' lang='lat' dir='ltr'>corporis,</span> <span class='ocrx_word' id='word_1_285' title='bbox 858 2585 886 2624; x_wconf 88' lang='lat' dir='ltr'>et</span> <span class='ocrx_word' id='word_1_286' title='bbox 899 2573 1083 2626; x_wconf 73' lang='lat' dir='ltr'>castimoniam</span> <span class='ocrx_word' id='word_1_287' title='bbox 1092 2573 1223 2642; x_wconf 78' lang='lat' dir='ltr'>prestari,</span> <span class='ocrx_word' id='word_1_288' title='bbox 1235 2589 1293 2643; x_wconf 77' lang='lat' dir='ltr'>que</span> <span class='ocrx_word' id='word_1_289' title='bbox 1301 2570 1352 2623; x_wconf 84' lang='lat' dir='ltr'>diis</span> 
     </span>
     <span class='ocr_line' id='line_1_28' title="bbox 296 2649 1353 2726; baseline -0.004 -18"><span class='ocrx_word' id='word_1_290' title='bbox 296 2667 372 2726; x_wconf 73' lang='lat' dir='ltr'>grets</span> <span class='ocrx_word' id='word_1_291' title='bbox 384 2667 461 2706; x_wconf 77' lang='lat' dir='ltr'>esset.</span> <span class='ocrx_word' id='word_1_292' title='bbox 474 2653 530 2705; x_wconf 85' lang='lat' dir='ltr'>Cic.</span> <span class='ocrx_word' id='word_1_293' title='bbox 544 2650 578 2703; x_wconf 86' lang='lat' dir='ltr'>de</span> <span class='ocrx_word' id='word_1_294' title='bbox 589 2651 669 2721; x_wconf 73' lang='lat' dir='ltr'>Legq.</span> <span class='ocrx_word' id='word_1_295' title='bbox 682 2653 719 2716; x_wconf 90' lang='lat'>11,</span> <span class='ocrx_word' id='word_1_296' title='bbox 735 2667 775 2702; x_wconf 89' lang='grc' dir='ltr'>ιο.</span> <span class='ocrx_word' id='word_1_297' title='bbox 790 2652 858 2718; x_wconf 84' lang='lat' dir='ltr'>Qure</span> <span class='ocrx_word' id='word_1_298' title='bbox 870 2653 962 2722; x_wconf 91' lang='lat' dir='ltr'>opinio</span> <span class='ocrx_word' id='word_1_299' title='bbox 975 2651 1001 2704; x_wconf 90' lang='lat' dir='ltr'>in</span> <span class='ocrx_word' id='word_1_300' title='bbox 1014 2651 1126 2704; x_wconf 88' lang='lat' dir='ltr'>Oriente</span> <span class='ocrx_word' id='word_1_301' title='bbox 1136 2649 1224 2703; x_wconf 83' lang='lat' dir='ltr'>adhuc</span> <span class='ocrx_word' id='word_1_302' title='bbox 1236 2651 1353 2722; x_wconf 75' lang='lat' dir='ltr'>vulgaris</span> 
     </span>
     <span class='ocr_line' id='line_1_29' title="bbox 297 2728 1353 2799; baseline -0.006 -11"><span class='ocrx_word' id='word_1_303' title='bbox 297 2748 346 2788; x_wconf 82' lang='lat' dir='ltr'>est.</span> <span class='ocrx_word' id='word_1_304' title='bbox 361 2733 421 2784; x_wconf 86' lang='lat' dir='ltr'>Mes</span> <span class='ocrx_word' id='word_1_305' title='bbox 434 2743 492 2782; x_wconf 83' lang='lat' dir='ltr'>erat</span> <span class='ocrx_word' id='word_1_306' title='bbox 505 2729 539 2780; x_wconf 81' lang='lat' dir='ltr'>nb</span> <span class='ocrx_word' id='word_1_307' title='bbox 551 2728 645 2780; x_wconf 77' lang='lat' dir='ltr'>ultima</span> <span class='ocrx_word' id='word_1_308' title='bbox 658 2731 816 2799; x_wconf 72' lang='lat' dir='ltr'>antiquitate</span> <span class='ocrx_word' id='word_1_309' title='bbox 829 2743 966 2799; x_wconf 85' lang='lat' dir='ltr'>receptus,</span> <span class='ocrx_word' id='word_1_310' title='bbox 978 2741 1008 2781; x_wconf 89' lang='lat' dir='ltr'>nt</span> <span class='ocrx_word' id='word_1_311' title='bbox 1020 2749 1052 2782; x_wconf 83' lang='lat' dir='ltr'>er</span> <span class='ocrx_word' id='word_1_312' title='bbox 1064 2731 1181 2782; x_wconf 85' lang='lat' dir='ltr'>Homero</span> <span class='ocrx_word' id='word_1_313' title='bbox 1193 2745 1312 2799; x_wconf 79' lang='lat' dir='ltr'>constet,</span> <span class='ocrx_word' id='word_1_314' title='bbox 1320 2744 1353 2782; x_wconf 84' lang='lat' dir='ltr'>et</span> 
     </span>
     <span class='ocr_line' id='line_1_30' title="bbox 297 2805 1351 2887; baseline -0.006 -21"><span class='ocrx_word' id='word_1_315' title='bbox 297 2811 370 2887; x_wconf 80' lang='lat' dir='ltr'>opud</span> <span class='ocrx_word' id='word_1_316' title='bbox 380 2827 473 2863; x_wconf 85' lang='lat' dir='ltr'>omnes</span> <span class='ocrx_word' id='word_1_317' title='bbox 483 2821 576 2879; x_wconf 81' lang='lat' dir='ltr'>poetes</span> <span class='ocrx_word' id='word_1_318' title='bbox 587 2821 757 2860; x_wconf 83' lang='lat' dir='ltr'>memoretur.</span> <span class='ocrx_word' id='word_1_319' title='bbox 769 2805 848 2860; x_wconf 84' lang='lat' dir='ltr'>Ovid.</span> <span class='ocrx_word' id='word_1_320' title='bbox 859 2809 930 2860; x_wconf 75' lang='lat' dir='ltr'>Fert.</span> <span class='ocrx_word' id='word_1_321' title='bbox 943 2809 987 2874; x_wconf 90' lang='lat' dir='ltr'>IV,</span> <span class='ocrx_word' id='word_1_322' title='bbox 998 2807 1049 2860; x_wconf 80' lang='lat'>313</span> <span class='ocrx_word' id='word_1_323' title='bbox 1060 2825 1120 2879; x_wconf 93' lang='lat' dir='ltr'>sqq.</span> <span class='ocrx_word' id='word_1_324' title='bbox 1131 2822 1157 2861; x_wconf 91' lang='lat' dir='ltr'>et</span> <span class='ocrx_word' id='word_1_325' title='bbox 1165 2809 1229 2862; x_wconf 84' lang='lat' dir='ltr'>olibi</span> <span class='ocrx_word' id='word_1_326' title='bbox 1239 2812 1351 2882; x_wconf 69' lang='lat' dir='ltr'>passim</span> 
     </span>
     <span class='ocr_line' id='line_1_31' title="bbox 298 2885 1350 2963; baseline -0.011 -17"><span class='ocrx_word' id='word_1_327' title='bbox 298 2896 372 2963; x_wconf 72' lang='lat' dir='ltr'>Virq.</span> <span class='ocrx_word' id='word_1_328' title='bbox 385 2887 487 2943; x_wconf 82' lang='lat' dir='ltr'>AEneid.</span> <span class='ocrx_word' id='word_1_329' title='bbox 500 2891 537 2954; x_wconf 94' lang='lat' dir='ltr'>II,</span> <span class='ocrx_word' id='word_1_330' title='bbox 549 2887 616 2957; x_wconf 86' lang='lat'>819;</span> <span class='ocrx_word' id='word_1_331' title='bbox 630 2890 679 2952; x_wconf 92' lang='lat' dir='ltr'>VI,</span> <span class='ocrx_word' id='word_1_332' title='bbox 693 2904 758 2955; x_wconf 67' lang='lat'>²²9³</span> <span class='ocrx_word' id='word_1_333' title='bbox 768 2885 866 2938; x_wconf 85' lang='lat' dir='ltr'>Tihnil.</span> <span class='ocrx_word' id='word_1_334' title='bbox 879 2889 907 2954; x_wconf 91' lang='lat'>1,</span> <span class='ocrx_word' id='word_1_335' title='bbox 921 2905 962 2952; x_wconf 89' lang='lat' dir='ltr'>rr,</span> <span class='ocrx_word' id='word_1_336' title='bbox 973 2888 1021 2950; x_wconf 70' lang='lat'>343</span> <span class='ocrx_word' id='word_1_337' title='bbox 1034 2889 1141 2941; x_wconf 76' lang='lat' dir='ltr'>Peteon,</span> <span class='ocrx_word' id='word_1_338' title='bbox 1156 2889 1213 2942; x_wconf 78' lang='lat'>131.</span> <span class='ocrx_word' id='word_1_339' title='bbox 1226 2919 1262 2931; x_wconf 93' lang='lat'><em>-</em></span> <span class='ocrx_word' id='word_1_340' title='bbox 1272 2890 1350 2942; x_wconf 67' lang='lat' dir='ltr'>conf.</span> 
     </span>
     <span class='ocr_line' id='line_1_32' title="bbox 297 2963 1157 3038; baseline -0.003 -14"><span class='ocrx_word' id='word_1_341' title='bbox 297 2974 407 3026; x_wconf 83' lang='lat' dir='ltr'>Lucian.</span> <span class='ocrx_word' id='word_1_342' title='bbox 419 2980 484 3021; x_wconf 90' lang='lat' dir='ltr'>tom.</span> <span class='ocrx_word' id='word_1_343' title='bbox 496 2968 535 3033; x_wconf 93' lang='lat' dir='ltr'>II,</span> <span class='ocrx_word' id='word_1_344' title='bbox 550 2985 576 3038; x_wconf 91' lang='lat' dir='ltr'>p.</span> <span class='ocrx_word' id='word_1_345' title='bbox 590 2965 638 3034; x_wconf 84' lang='lat'>781</span> <span class='ocrx_word' id='word_1_346' title='bbox 655 2983 714 3038; x_wconf 87' lang='lat' dir='ltr'>sqq.</span> <span class='ocrx_word' id='word_1_347' title='bbox 728 2963 783 3017; x_wconf 88' lang='lat' dir='ltr'>edit</span> <span class='ocrx_word' id='word_1_348' title='bbox 795 2965 879 3029; x_wconf 82' lang='lat' dir='ltr'>Reiz.;</span> <span class='ocrx_word' id='word_1_349' title='bbox 894 2964 1157 3034; x_wconf 73' lang='lat' dir='ltr'>Juvenal.,v1‚523.</span> 
     </span>
    </p>
   </div>
   <div class='ocr_carea' id='block_1_6' title="bbox 296 3071 1353 3464">
    <p class='ocr_par' dir='ltr' id='par_1_6' title="bbox 333 3071 1353 3152">
     <span class='ocr_line' id='line_1_33' title="bbox 333 3071 1353 3152; baseline 0 -24"><span class='ocrx_word' id='word_1_350' title='bbox 333 3078 400 3130; x_wconf 81' lang='lat' dir='ltr'>Nor.</span> <span class='ocrx_word' id='word_1_351' title='bbox 416 3073 456 3126; x_wconf 80' lang='lat'>16.</span> <span class='ocrx_word' id='word_1_352' title='bbox 468 3075 503 3124; x_wconf 82' lang='lat' dir='ltr'>Et</span> <span class='ocrx_word' id='word_1_353' title='bbox 515 3081 615 3124; x_wconf 84' lang='lat' dir='ltr'>noctem</span> <span class='ocrx_word' id='word_1_354' title='bbox 623 3071 737 3145; x_wconf 78' lang='lat' dir='ltr'>flumine</span> <span class='ocrx_word' id='word_1_355' title='bbox 746 3071 1016 3147; x_wconf 69' lang='lat' dir='ltr'>perque-Noctem,</span> <span class='ocrx_word' id='word_1_356' title='bbox 1029 3075 1135 3144; x_wconf 88' lang='lat' dir='ltr'>poetice</span> <span class='ocrx_word' id='word_1_357' title='bbox 1147 3093 1196 3146; x_wconf 90' lang='lat' dir='ltr'>pro</span> <span class='ocrx_word' id='word_1_358' title='bbox 1210 3075 1353 3152; x_wconf 58' lang='lat' dir='ltr'>nortisflon</span> 
     </span>
    </p>

    <p class='ocr_par' dir='ltr' id='par_1_7' title="bbox 296 3150 1353 3464">
     <span class='ocr_line' id='line_1_34' title="bbox 317 3150 1352 3226; baseline -0.003 -17"><span class='ocrx_word' id='word_1_359' title='bbox 317 3159 365 3209; x_wconf 81' lang='lat' dir='ltr'>itia</span> <span class='ocrx_word' id='word_1_360' title='bbox 378 3172 465 3226; x_wconf 85' lang='lat' dir='ltr'>resque</span> <span class='ocrx_word' id='word_1_361' title='bbox 479 3171 606 3224; x_wconf 80' lang='lat' dir='ltr'>venereas.</span> <span class='ocrx_word' id='word_1_362' title='bbox 628 3150 708 3223; x_wconf 83' lang='lat' dir='ltr'>Apud</span> <span class='ocrx_word' id='word_1_363' title='bbox 726 3153 866 3223; x_wconf 78' lang='lat' dir='ltr'>antiquos,</span> <span class='ocrx_word' id='word_1_364' title='bbox 880 3151 1004 3204; x_wconf 83' lang='lat' dir='ltr'>Hebraeos</span> <span class='ocrx_word' id='word_1_365' title='bbox 1016 3155 1149 3226; x_wconf 87' lang='lat' dir='ltr'>inprimis,</span> <span class='ocrx_word' id='word_1_366' title='bbox 1169 3168 1199 3206; x_wconf 88' lang='lat' dir='ltr'>ut</span> <span class='ocrx_word' id='word_1_367' title='bbox 1217 3173 1247 3207; x_wconf 82' lang='lat' dir='ltr'>es</span> <span class='ocrx_word' id='word_1_368' title='bbox 1268 3157 1352 3207; x_wconf 80' lang='lat' dir='ltr'>Moris</span> 
     </span>
     <span class='ocr_line' id='line_1_35' title="bbox 296 3181 1353 3308; baseline -0.004 -20"><span class='ocrx_word' id='word_1_369' title='bbox 296 3181 357 3308; x_wconf 73' lang='lat' dir='ltr'>iege</span> <span class='ocrx_word' id='word_1_370' title='bbox 373 3246 461 3308; x_wconf 78' lang='lat' dir='ltr'>petet,</span> <span class='ocrx_word' id='word_1_371' title='bbox 477 3231 524 3283; x_wconf 88' lang='lat' dir='ltr'>diu</span> <span class='ocrx_word' id='word_1_372' title='bbox 542 3232 592 3282; x_wconf 86' lang='lat' dir='ltr'>fuit</span> <span class='ocrx_word' id='word_1_373' title='bbox 610 3233 637 3283; x_wconf 91' lang='lat' dir='ltr'>in</span> <span class='ocrx_word' id='word_1_374' title='bbox 654 3231 783 3304; x_wconf 80' lang='lat' dir='ltr'>reiigione</span> <span class='ocrx_word' id='word_1_375' title='bbox 800 3245 952 3303; x_wconf 88' lang='lat' dir='ltr'>receptum,</span> <span class='ocrx_word' id='word_1_376' title='bbox 968 3245 1011 3298; x_wconf 89' lang='lat' dir='ltr'>ut,</span> <span class='ocrx_word' id='word_1_377' title='bbox 1030 3234 1129 3305; x_wconf 84' lang='lat' dir='ltr'>siquid</span> <span class='ocrx_word' id='word_1_378' title='bbox 1144 3248 1223 3286; x_wconf 90' lang='lat' dir='ltr'>nocte</span> <span class='ocrx_word' id='word_1_379' title='bbox 1239 3235 1353 3306; x_wconf 85' lang='lat' dir='ltr'>turpiter</span> 
     </span>
     <span class='ocr_line' id='line_1_36' title="bbox 297 3310 1352 3389; baseline -0.004 -19"><span class='ocrx_word' id='word_1_380' title='bbox 297 3319 438 3378; x_wconf 79' lang='lat' dir='ltr'>fecissent,</span> <span class='ocrx_word' id='word_1_381' title='bbox 448 3331 526 3366; x_wconf 87' lang='lat' dir='ltr'>mene</span> <span class='ocrx_word' id='word_1_382' title='bbox 536 3329 564 3364; x_wconf 86' lang='lat' dir='ltr'>se</span> <span class='ocrx_word' id='word_1_383' title='bbox 566 3311 684 3389; x_wconf 82' lang='lat' dir='ltr'>flumine</span> <span class='ocrx_word' id='word_1_384' title='bbox 694 3310 845 3378; x_wconf 80' lang='lat' dir='ltr'>abluerent,</span> <span class='ocrx_word' id='word_1_385' title='bbox 859 3314 1002 3384; x_wconf 73' lang='lat' dir='ltr'>presertim</span> <span class='ocrx_word' id='word_1_386' title='bbox 1015 3314 1036 3365; x_wconf 84' lang='lat' dir='ltr'>si</span> <span class='ocrx_word' id='word_1_387' title='bbox 1049 3312 1083 3366; x_wconf 85' lang='lat' dir='ltr'>ed</span> <span class='ocrx_word' id='word_1_388' title='bbox 1096 3331 1155 3366; x_wconf 80' lang='lat' dir='ltr'>aree</span> <span class='ocrx_word' id='word_1_389' title='bbox 1165 3312 1262 3367; x_wconf 83' lang='lat' dir='ltr'>velient</span> <span class='ocrx_word' id='word_1_390' title='bbox 1274 3332 1352 3367; x_wconf 88' lang='lat' dir='ltr'>ecce·</span> 
     </span>
     <span class='ocr_line' id='line_1_37' title="bbox 300 3391 1206 3464; baseline -0.011 -15"><span class='ocrx_word' id='word_1_391' title='bbox 300 3396 373 3449; x_wconf 87' lang='lat' dir='ltr'>dere.</span> <span class='ocrx_word' id='word_1_392' title='bbox 385 3391 462 3448; x_wconf 83' lang='lat' dir='ltr'>Unde</span> <span class='ocrx_word' id='word_1_393' title='bbox 473 3391 609 3457; x_wconf 83' lang='lat' dir='ltr'>Tibullus,</span> <span class='ocrx_word' id='word_1_394' title='bbox 619 3391 691 3462; x_wconf 73' lang='lat' dir='ltr'>Eleq.</span> <span class='ocrx_word' id='word_1_395' title='bbox 705 3393 744 3458; x_wconf 90' lang='lat' dir='ltr'>II,</span> <span class='ocrx_word' id='word_1_396' title='bbox 758 3409 781 3460; x_wconf 89' lang='lat' dir='ltr'>r,</span> <span class='ocrx_word' id='word_1_397' title='bbox 792 3411 809 3464; x_wconf 87' lang='lat'><strong>9</strong></span> <span class='ocrx_word' id='word_1_398' title='bbox 821 3415 827 3444; x_wconf 89' lang='lat'><strong>:</strong></span> <span class='ocrx_word' id='word_1_399' title='bbox 1204 3395 1206 3398; x_wconf 83' lang='lat'>&#39;</span> 
     </span>
    </p>
   </div>
   <div class='ocr_carea' id='block_1_7' title="bbox 503 3481 1027 3608">
    <p class='ocr_par' dir='ltr' id='par_1_8' title="bbox 503 3481 1027 3608">
     <span class='ocr_line' id='line_1_38' title="bbox 833 3481 1027 3526; baseline 0.015 -3"><span class='ocrx_word' id='word_1_400' title='bbox 833 3481 938 3524; x_wconf 80' lang='lat' dir='ltr'>Discedite</span> <span class='ocrx_word' id='word_1_401' title='bbox 946 3483 974 3524; x_wconf 84' lang='lat' dir='ltr'>nb</span> <span class='ocrx_word' id='word_1_402' title='bbox 983 3481 1027 3526; x_wconf 81' lang='lat' dir='ltr'>sris</span> 
     </span>
     <span class='ocr_line' id='line_1_39' title="bbox 503 3547 980 3608; baseline 0.004 -16"><span class='ocrx_word' id='word_1_403' title='bbox 503 3549 569 3608; x_wconf 79' lang='lat' dir='ltr'>Queis</span> <span class='ocrx_word' id='word_1_404' title='bbox 576 3547 627 3592; x_wconf 84' lang='lat' dir='ltr'>tulit</span> <span class='ocrx_word' id='word_1_405' title='bbox 634 3548 734 3592; x_wconf 78' lang='lat' dir='ltr'>hesterno</span> <span class='ocrx_word' id='word_1_406' title='bbox 743 3549 822 3604; x_wconf 67' lang='lat' dir='ltr'>gaudia</span> <span class='ocrx_word' id='word_1_407' title='bbox 830 3556 892 3594; x_wconf 81' lang='lat' dir='ltr'>noete</span> <span class='ocrx_word' id='word_1_408' title='bbox 900 3551 980 3594; x_wconf 88' lang='lat' dir='ltr'>Venus.</span> 
     </span>
    </p>
   </div>
   <div class='ocr_carea' id='block_1_8' title="bbox 203 3621 1352 3694">
    <p class='ocr_par' dir='ltr' id='par_1_9' title="bbox 203 3621 1352 3694">
     <span class='ocr_line' id='line_1_40' title="bbox 203 3621 1352 3694; baseline -0.003 -12"><span class='ocrx_word' id='word_1_409' title='bbox 203 3621 207 3631; x_wconf 61' lang='lat'><strong>¹</strong></span> <span class='ocrx_word' id='word_1_410' title='bbox 299 3621 1352 3694; x_wconf 74' lang='lat' dir='ltr'>UndeieliciseimeillaEuripidissententie,Persiconsententirenonebeimiiis:</span> 
     </span>
    </p>
   </div>
   <div class='ocr_carea' id='block_1_9' title="bbox 519 3701 1051 3773">
    <p class='ocr_par' dir='ltr' id='par_1_10' title="bbox 519 3701 1051 3773">
     <span class='ocr_line' id='line_1_41' title="bbox 519 3701 1051 3773; baseline -0.002 -17"><span class='ocrx_word' id='word_1_411' title='bbox 519 3701 639 3756; x_wconf 72' lang='lat' dir='ltr'>etitem</span> <span class='ocrx_word' id='word_1_412' title='bbox 649 3701 728 3770; x_wconf 72' lang='grc' dir='ltr'>ιιιᾶζιι</span> <span class='ocrx_word' id='word_1_413' title='bbox 738 3703 820 3757; x_wconf 67' lang='grc' dir='ltr'>πείνη</span> <span class='ocrx_word' id='word_1_414' title='bbox 829 3705 965 3773; x_wconf 53' lang='lat' dir='ltr'>vetitum</span> <span class='ocrx_word' id='word_1_415' title='bbox 977 3703 1051 3757; x_wconf 81' lang='grc' dir='ltr'>ιιιυιιί.</span> 
     </span>
    </p>
   </div>
   <div class='ocr_carea' id='block_1_10' title="bbox 298 3816 1354 4209">
    <p class='ocr_par' dir='ltr' id='par_1_11' title="bbox 298 3816 1354 4209">
     <span class='ocr_line' id='line_1_42' title="bbox 336 3816 1352 3892; baseline -0.004 -17"><span class='ocrx_word' id='word_1_416' title='bbox 336 3824 402 3875; x_wconf 79' lang='lat' dir='ltr'>Nor.</span> <span class='ocrx_word' id='word_1_417' title='bbox 416 3838 457 3892; x_wconf 89' lang='lat' dir='ltr'>r7.</span> <span class='ocrx_word' id='word_1_418' title='bbox 469 3819 540 3873; x_wconf 79' lang='lat' dir='ltr'>Heus</span> <span class='ocrx_word' id='word_1_419' title='bbox 551 3837 613 3892; x_wconf 79' lang='lat' dir='ltr'>cqe,</span> <span class='ocrx_word' id='word_1_420' title='bbox 626 3817 763 3890; x_wconf 77' lang='lat' dir='ltr'>responde:</span> <span class='ocrx_word' id='word_1_421' title='bbox 775 3816 931 3887; x_wconf 76' lang='lat' dir='ltr'>(minimum</span> <span class='ocrx_word' id='word_1_422' title='bbox 945 3831 981 3872; x_wconf 81' lang='lat' dir='ltr'>ert</span> <span class='ocrx_word' id='word_1_423' title='bbox 992 3819 1064 3892; x_wconf 83' lang='lat' dir='ltr'>qnod</span> <span class='ocrx_word' id='word_1_424' title='bbox 1071 3819 1133 3870; x_wconf 83' lang='lat' dir='ltr'>scire</span> <span class='ocrx_word' id='word_1_425' title='bbox 1143 3818 1352 3891; x_wconf 82' lang='lat' dir='ltr'>laboro.)-Hie</span> 
     </span>
     <span class='ocr_line' id='line_1_43' title="bbox 298 3897 1354 3972; baseline -0.003 -18"><span class='ocrx_word' id='word_1_426' title='bbox 298 3903 414 3955; x_wconf 77' lang='lat' dir='ltr'>instituit</span> <span class='ocrx_word' id='word_1_427' title='bbox 430 3900 546 3972; x_wconf 88' lang='lat' dir='ltr'>lepidum</span> <span class='ocrx_word' id='word_1_428' title='bbox 559 3902 662 3952; x_wconf 76' lang='lat' dir='ltr'>Persius</span> <span class='ocrx_word' id='word_1_429' title='bbox 674 3897 876 3971; x_wconf 78' lang='lat' dir='ltr'>dialogismum,</span> <span class='ocrx_word' id='word_1_430' title='bbox 890 3919 944 3970; x_wconf 90' lang='lat' dir='ltr'>qno</span> <span class='ocrx_word' id='word_1_431' title='bbox 957 3899 1101 3969; x_wconf 74' lang='lat' dir='ltr'>impietatis</span> <span class='ocrx_word' id='word_1_432' title='bbox 1115 3899 1253 3951; x_wconf 81' lang='lat' dir='ltr'>convincit</span> <span class='ocrx_word' id='word_1_433' title='bbox 1265 3899 1354 3951; x_wconf 91' lang='lat' dir='ltr'>homi-</span> 
     </span>
     <span class='ocr_line' id='line_1_44' title="bbox 301 3977 1354 4052; baseline -0.003 -19"><span class='ocrx_word' id='word_1_434' title='bbox 301 3999 348 4033; x_wconf 90' lang='lat' dir='ltr'>nes</span> <span class='ocrx_word' id='word_1_435' title='bbox 360 3995 421 4034; x_wconf 79' lang='lat' dir='ltr'>vote</span> <span class='ocrx_word' id='word_1_436' title='bbox 436 3981 481 4033; x_wconf 84' lang='lat' dir='ltr'>ilie</span> <span class='ocrx_word' id='word_1_437' title='bbox 495 3981 618 4052; x_wconf 78' lang='lat' dir='ltr'>improba</span> <span class='ocrx_word' id='word_1_438' title='bbox 632 3981 897 4033; x_wconf 59' lang='lat' dir='ltr'>facientem-dieue</span> <span class='ocrx_word' id='word_1_439' title='bbox 908 3997 970 4052; x_wconf 73' lang='lat' dir='ltr'>ape,</span> <span class='ocrx_word' id='word_1_440' title='bbox 984 3977 1107 4049; x_wconf 81' lang='lat' dir='ltr'>responde</span> <span class='ocrx_word' id='word_1_441' title='bbox 1111 4001 1121 4040; x_wconf 93' lang='lat'>,·</span> <span class='ocrx_word' id='word_1_442' title='bbox 1134 3996 1215 4032; x_wconf 85' lang='lat' dir='ltr'>voces</span> <span class='ocrx_word' id='word_1_443' title='bbox 1225 3979 1354 4052; x_wconf 79' lang='lat' dir='ltr'>interpel-</span> 
     </span>
     <span class='ocr_line' id='line_1_45' title="bbox 300 4055 1353 4131; baseline -0.003 -21"><span class='ocrx_word' id='word_1_444' title='bbox 300 4058 571 4112; x_wconf 70' lang='lat' dir='ltr'>lantis-Minimum</span> <span class='ocrx_word' id='word_1_445' title='bbox 585 4059 702 4131; x_wconf 81' lang='lat' dir='ltr'>estquod</span> <span class='ocrx_word' id='word_1_446' title='bbox 715 4059 777 4111; x_wconf 79' lang='lat' dir='ltr'>seire</span> <span class='ocrx_word' id='word_1_447' title='bbox 789 4059 894 4121; x_wconf 61' lang='lat' dir='ltr'>laborm</span> <span class='ocrx_word' id='word_1_448' title='bbox 906 4058 1076 4111; x_wconf 78' lang='lat' dir='ltr'>humanitatis</span> <span class='ocrx_word' id='word_1_449' title='bbox 1087 4055 1181 4124; x_wconf 79' lang='lat' dir='ltr'>verbo,</span> <span class='ocrx_word' id='word_1_450' title='bbox 1194 4059 1290 4130; x_wconf 77' lang='lat' dir='ltr'>quibus</span> <span class='ocrx_word' id='word_1_451' title='bbox 1302 4057 1353 4108; x_wconf 89' lang='lat' dir='ltr'>ho-</span> 
     </span>
     <span class='ocr_line' id='line_1_46' title="bbox 302 4131 1352 4209; baseline -0.002 -21"><span class='ocrx_word' id='word_1_452' title='bbox 302 4138 399 4188; x_wconf 85' lang='lat' dir='ltr'>minem</span> <span class='ocrx_word' id='word_1_453' title='bbox 409 4138 499 4188; x_wconf 78' lang='lat' dir='ltr'>inritat</span> <span class='ocrx_word' id='word_1_454' title='bbox 510 4136 543 4189; x_wconf 81' lang='lat' dir='ltr'>ad</span> <span class='ocrx_word' id='word_1_455' title='bbox 554 4135 783 4209; x_wconf 85' lang='lat' dir='ltr'>respondendurn;</span> <span class='ocrx_word' id='word_1_456' title='bbox 794 4155 891 4207; x_wconf 69' lang='lat' dir='ltr'>grece,</span> <span class='ocrx_word' id='word_1_457' title='bbox 898 4131 978 4204; x_wconf 73' lang='grc' dir='ltr'>μιιρόι</span> <span class='ocrx_word' id='word_1_458' title='bbox 989 4133 1095 4187; x_wconf 63' lang='grc' dir='ltr'>ἕπουσιν.</span> <span class='ocrx_word' id='word_1_459' title='bbox 1104 4135 1185 4188; x_wconf 81' lang='lat' dir='ltr'>Penio</span> <span class='ocrx_word' id='word_1_460' title='bbox 1196 4137 1352 4207; x_wconf 83' lang='lat' dir='ltr'>exquisitius</span> 
     </span>
    </p>
   </div>
   <div class='ocr_carea' id='block_1_11' title="bbox 0 0 1530 4854">
    <p class='ocr_par' dir='ltr' id='par_1_12' title="bbox 0 0 1530 4854">
     <span class='ocr_line' id='line_1_47' title="bbox 0 0 1530 4854; baseline 0 0"><span class='ocrx_word' id='word_1_461' title='bbox 0 0 1530 4854; x_wconf 95' lang='lat' dir='ltr'> </span> 
     </span>
    </p>
   </div>
  </div>
 </body>
</html>
