3052 4854
313 435 356 500 66
488 432 642 497 VARlAE
665 427 937 494 LECTIONES
960 430 1022 496 ET
1045 429 1182 500 NOTAE

345 561 413 612 Nor.
436 558 493 612 130.
507 557 619 632 disperit
633 555 750 608 heminas
763 551 850 608 Arreti
864 553 947 608 edilis
961 555 1072 630 iniquas.
1085 589 1122 602 -
1132 561 1242 630 AEdilis,
1254 577 1362 636 postre-

312 657 370 690 mus
380 639 587 708 magistratuum.
600 633 766 686 AEdilitotem
779 635 848 685 enim
860 634 975 704 primurn
989 637 1109 688 omnium
1120 655 1259 692 munerum
1270 643 1362 712 ingre·

311 719 460 784 diebantur,
471 718 519 788 qui
527 713 693 768 accedebant
703 713 738 764 ad
747 712 949 784 rempublicam.
961 714 1018 767 Vox
1029 720 1156 770 convenit
1164 737 1226 772 cum
1235 720 1275 775 bis
1286 722 1361 778 rute

311 802 420 866 haere,
433 817 500 872 quas
513 798 637 868 superias
651 795 750 866 posuit.
766 823 802 836 -
814 795 928 867 Freqerit
938 795 1056 850 heminas
1068 799 1178 872 iniquas.
1192 802 1291 856 Munus
1302 815 1360 856 erat

309 879 426 934 adilitati
438 876 595 930 attributum
609 893 702 927 curare
714 891 852 928 mensuras
866 887 1058 943 mercatorum,
1074 890 1104 929 ut
1115 880 1194 948 justas
1208 881 1311 948 forent,
1327 899 1360 935 ae

305 961 379 1029 justo
387 958 502 1009 minores
504 955 700 1030 frasqereatar,
708 952 814 1025 aliaque
820 951 849 1004 id
855 971 939 1024 genus
949 955 1133 1009 minutissima.
1141 957 1235 1010 Juren.
1244 959 1283 1026 X,
1293 975 1340 1013 ιοι
1350 979 1358 1012 ι

509 1047 541 1088 in
550 1042 785 1101 (maismacensem
793 1043 955 1098 Gabiorumque
963 1057 1008 1087 essa
1015 1053 1121 1102 potestati

510 1111 536 1154 Et
542 1110 569 1152 de
577 1123 679 1153 mensura
682 1107 720 1164 jus
729 1109 874 1152 dicereiuasa
882 1112 969 1154 ιιιίιιοιιι

512 1179 625 1233 Franqere
632 1171 1021 1232 pannosusvacuisAEdr'lisUlubrist

308 1255 443 1318 Hemina,
466 1267 595 1304 mensura
612 1267 713 1322 genus,
729 1251 786 1320 ejus
805 1267 866 1301 cum
883 1249 1021 1321 Amphora
1043 1249 1202 1306 relationis:
1221 1252 1358 1327 Amphora

309 1332 450 1388 constabat
467 1350 480 1384 n
496 1333 587 1398 urnis,
602 1329 644 1382 rel
662 1329 804 1395 3m0diis,
823 1329 865 1382 rel
883 1330 899 1382 8
918 1331 1035 1401 congiis,
1053 1329 1095 1384 rel
1112 1333 1145 1400 48
1164 1337 1297 1402 sextariis,
1314 1337 1357 1390 rel

308 1417 343 1485 96
356 1413 479 1480 beminis,
491 1428 549 1485 que
558 1409 720 1464 vocabantur
729 1429 838 1483 quoque
851 1408 952 1483 cotyla.
964 1433 1020 1458 s-
1029 1410 1116 1464 Amat
1126 1431 1175 1485 pro
1187 1413 1296 1480 Amris·
1305 1417 1357 1470 Ar·

308 1497 415 1562 retium,
425 1495 535 1546 Etruria
544 1490 714 1564 oppidulum,
727 1491 807 1546 hodie
817 1491 927 1558 Amase,
938 1490 1009 1544 uude
1018 1493 1069 1545 tuit
1076 1493 1356 1563 oriundusbltecenas3

308 1573 431 1628 fictilibus
443 1572 506 1624 olim
518 1571 637 1638 celebre,
647 1584 677 1624 ut
685 1570 778 1626 scribit
788 1571 888 1624 Plinius
900 1583 1065 1645 testaturque
1074 1573 1203 1628 Martialis
1211 1577 1280 1644 XIV,
1289 1578 1332 1649 98.

338 1725 400 1770 Vsa.
419 1722 469 1770 131.
483 1723 531 1768 Nec
541 1723 582 1786 qui
591 1720 661 1768 aleo
669 1735 775 1768 numeros
784 1728 807 1766 et
817 1727 877 1766 secto
888 1723 911 1766 ὑι
921 1719 1017 1782 pulvera
1026 1729 1104 1768 metus.
1116 1724 1185 1770 -1ιι
1194 1723 1260 1772 deest
1270 1727 1296 1772 in
1306 1741 1357 1772 ma·

308 1795 428 1856 nuseripto
440 1793 500 1841 8055
513 1805 537 1838 et
548 1795 571 1839 in
587 1794 739 1840 vetustissima
751 1794 869 1846 omnium.
885 1806 942 1856 quas
952 1789 1037 1838 habeat
1048 1795 1104 1858 fleg.
1120 1793 1229 1844 biblioth.
1244 1796 1356 1846 editions.

308 1869 364 1927 Qua
376 1865 444 1912 lectio
457 1867 539 1928 etipsa
550 1863 645 1927 probari
656 1876 742 1928 potest.

343 1956 409 2009 Nor.
426 1954 483 2007 131.
496 1951 551 2006 Nec
561 1956 610 2029 qui
620 1955 700 2006 abaco
714 1969 834 2006 numeros
844 1963 870 2004 et
879 1962 946 2005 secte
959 1952 986 2004 t'n
996 1951 1106 2024 pulvere
1117 1965 1198 2010 metas
1209 1957 1264 2010 Scit
1278 1957 1357 2010 risisse

308 2036 388 2106 vafer.
399 2065 433 2076 -
444 2038 500 2088 Nec
513 2035 577 2088 mihi
588 2035 688 2086 ferveat
700 2032 879 2086 dritbmetice
889 2031 985 2105 (quam
1000 2033 1124 2108 intelligit
1134 2055 1182 2108 per
1195 2055 1315 2091 amneros
1327 2039 1356 2090 iss

306 2115 401 2187 abaco)
413 2135 462 2188 nee
474 2118 629 2171 Geometrie
640 2114 738 2187 (quam
749 2114 879 2184 significat
890 2133 940 2186 per
952 2129 1032 2170 metor
1043 2117 1072 2168 ia
1081 2117 1190 2188 pulvere
1197 2121 1279 2192 secto)
1291 2139 1356 2172 con-

306 2209 428 2267 temptor.
441 2198 506 2248 Dosa
516 2210 604 2249 antem
616 2195 656 2246 ha
669 2193 814 2266 discipline
825 2213 874 2264 pro
886 2196 1010 2248 omnibns
1022 2196 1123 2251 artibus
1137 2198 1290 2254 liberalibus
1302 2221 1355 2274 po·

305 2279 361 2329 sita
375 2292 444 2330 sunt.
456 2309 492 2319 -
505 2276 609 2330 Abeous
623 2287 678 2328 erat
689 2275 803 2342 tabella,
815 2274 926 2346 puluere
936 2277 978 2328 rel
992 2294 1072 2328 arena
1084 2296 1190 2350 sparsa,
1205 2282 1232 2332 in
1245 2299 1297 2352 qua
1312 2300 1356 2335 ra·

306 2355 350 2410 dio
362 2359 464 2410 numeri
475 2371 501 2411 et
512 2357 599 2428 fiffurae
609 2356 809 2418 scribebautnr3
820 2374 883 2407 nam
892 2355 989 2426 figuras
999 2356 1197 2412 mathematicas
1209 2361 1237 2413 in
1247 2361 1357 2433 pulvere

224 2429 226 2433 ¹
304 2450 368 2490 tunc
382 2437 492 2509 depingi
505 2433 582 2488 radic
597 2433 683 2488 solere
697 2447 792 2488 notum
809 2433 938 2486 est.1ndo
955 2437 1011 2487 Cic.
1027 2437 1135 2490 Tuscrd.
1151 2439 1245 2506 Queat.
1257 2445 1291 2509 V,
1308 2443 1356 2509 23,

305 2515 575 2569 socatArebimedam
589 2538 595 2566 ε
614 2513 835 2568 -Homunculum
850 2512 984 2586 apstinere
997 2529 1024 2569 et
1037 2515 1123 2570 radio.
1134 2539 1146 2566 ιι
1159 2519 1250 2593 Virpil.
1262 2520 1354 2593 Ecloq.

305 2601 353 2664 ΠΙ,
367 2600 414 2666 41.
507 2665 692 2722 ssantipaitrodt'o
699 2664 926 2722 totumqoiqentibus
933 2633 1016 2710 orbem.

304 2771 341 2782 -
351 2741 449 2806 Metus,
463 2738 547 2792 lineas
558 2757 615 2810 que
627 2750 689 2793 suut
697 2739 779 2792 veluti
790 2749 866 2792 mete
877 2752 904 2792 et
915 2737 995 2806 lina,
1004 2739 1100 2812 quibus
1110 2745 1280 2814 componitur
1289 2763 1356 2818 qua-

305 2821 370 2874 libet
383 2821 466 2891 figura
479 2831 506 2872 et
516 2822 678 2872 terminatur.
691 2847 728 2860 -
737 2819 793 2873 Scit
805 2819 885 2874 rs'sisse
898 2819 980 2891 vafer.
994 2823 1062 2873 Pro:
1079 2821 1148 2877 solet
1162 2823 1205 2877 rel
1217 2840 1305 2897 potest
1318 2829 1355 2879 ri·

254 2938 259 2951 .
305 2901 378 2954 dere.
393 2900 484 2971 Vofcr,
499 2899 528 2952 id
540 2913 591 2967 est,
604 2901 720 2953 laeetum
732 2913 759 2952 et
770 2897 890 2972 lepidum
902 2917 930 2954 se
941 2913 1055 2973 putros;
1070 2903 1216 2978 iaqeaiosus
1232 2917 1257 2958 et
1274 2907 1355 2960 meli·

306 2995 392 3035 llum.

341 3081 409 3132 Nor.
442 3076 498 3130 132.
520 3076 639 3130 Multum
657 3079 769 3151 paudere
784 3087 899 3150 perenn.
920 3107 957 3118 -
976 3077 1077 3151 Lepida
1096 3082 1219 3153 exprimit
1236 3101 1355 3140 crassum

306 3158 387 3210 istum
405 3157 507 3218 risum,
529 3156 555 3206 in
573 3173 651 3227 quem
666 3153 757 3208 stolidi
778 3157 868 3228 inepte
889 3156 1045 3218 solvuntur;
1067 3169 1174 3231 paratus
1193 3173 1220 3212 et
1240 3161 1356 3214 multum

305 3234 425 3288 feliciora
446 3234 511 3287 mihi
527 3232 658 3287 videntur.
676 3235 778 3289 Iudicat
791 3236 861 3288 enirn
873 3248 980 3307 parabis
991 3235 1065 3290 baud
1081 3240 1117 3290 itu
1132 3239 1210 3292 facile
1229 3241 1355 3313 pinguem

306 3314 441 3368 hominem
451 3313 550 3381 ridere,
562 3313 609 3366 sed
620 3327 746 3388 tanquam
757 3333 812 3368 rem
824 3318 942 3389 cupitam
954 3331 1143 3384 consecutum,
1154 3337 1210 3371 non
1218 3319 1288 3370 intra
1297 3337 1356 3372 mo-

306 3394 383 3461 durn,
398 3393 445 3448 sed
460 3393 572 3446 multum
584 3395 704 3467 paudere.
719 3395 844 3464 Purattu,
858 3415 941 3468 pace
955 3393 1056 3454 imbris.
1078 3399 1175 3450 Noster
1194 3400 1221 3450 in
1235 3399 1285 3465 vl,
1304 3399 1353 3454 36:

309 3478 435 3528 «Nescire
446 3487 584 3548 paratio.»

340 3575 408 3629 Nor.
431 3575 489 3628 133.
505 3575 535 3628 Si
549 3575 646 3645 Cynico
661 3575 764 3627 barbam
775 3573 897 3648 petulans
913 3578 1024 3631 maaria
1040 3576 1127 3630 vellat.
1140 3608 1176 3620 -
1187 3579 1240 3646 Qui
1256 3577 1354 3631 abbon-

306 3657 400 3710 rebant
410 3675 424 3708 a
434 3657 585 3709 Groeconrm
595 3653 755 3726 disciplinis,
765 3657 783 3706 ii
793 3655 978 3729 philosophos,
989 3658 1036 3727 qui
1046 3675 1060 3708 e
1072 3657 1170 3710 Gracia
1182 3658 1293 3710 Romam
1305 3659 1353 3708 im·

306 3736 470 3808 migrabant,
486 3733 768 3798 ludibriobabeban13
786 3735 859 3808 qnod
873 3738 900 3788 in
919 3735 960 3790 bis
974 3734 1090 3788 versibus
1107 3738 1211 3789 Persius
1227 3735 1351 3790 ostendit.

305 3818 343 3868 Ea
354 3829 443 3868 autent
455 3828 532 3868 etate
543 3813 664 3886 plerique
677 3815 832 3888 Philosophi
839 3815 880 3870 vel
890 3817 972 3871 Stoici
982 3827 1068 3880 erant,
1078 3815 1119 3866 vel
1131 3817 1236 3886 Cynici.-
1248 3836 1284 3869 ee
1293 3815 1353 3868 duta

305 3909 382 3950 sectae
391 3912 447 3950 turn
461 3896 599 3968 rigebant,
610 3899 709 3952 ceteris
722 3899 884 3968 jacentibus,
897 3894 1055 3971 quibusdam
1068 3895 1148 3948 etiam
1159 3916 1245 3970 prope
1256 3897 1353 3950 exstin-

305 3975 364 4028 ctis.
372 3975 477 4046 Ubique
486 3993 564 4044 vero,
573 3994 628 4029 non
635 3977 720 4030 solum
728 3977 831 4042 Roma,
843 3977 997 4048 Cynieomm
1005 3991 1102 4045 magna
1111 3973 1205 4030 vilitas.
1216 3977 1263 4028 llis
1271 3973 1350 4045 vulgo

305 4066 397 4105 omnes
416 4051 582 4116 illudebant,
603 4075 649 4110 cos
668 4055 851 4126 percutiebant
872 4068 899 4108 et
916 4057 995 4108 variis
1013 4053 1181 4108 contumeliis
1199 4053 1351 4116 renobabis

305 4130 376 4202 quod
388 4151 422 4185 ne
433 4134 497 4204 ipsis
510 4136 616 4208 quidem
627 4134 782 4190 nolentibus
792 4134 940 4202 iaciebant,
954 4151 1037 4207 quurn
1053 4119 1110 4186 dati
1123 4132 1157 4188 ad
1170 4133 1283 4204 gloriam
1295 4131 1350 4184 ho-
