3052 4854
536 424 585 489 m
611 423 892 491 rnonooun.
944 475 947 494 .
1220 451 1241 515 9

192 551 336 606 celebrium
347 553 473 626 irnaps'ues
486 549 528 602 vel
540 549 638 604 hedera
654 551 696 605 vel
709 551 786 604 lauro
796 565 929 605 eoronatte
937 590 945 620 ,
953 554 982 604 iu
990 551 1241 620 bibliothecis,eum

192 631 319 706 publicis,
326 645 383 684 tum
390 632 498 704 privetis
506 633 604 703 exponi
612 643 722 684 ornatus
730 651 810 685 canu
818 630 950 684 solebant.
959 634 1025 685 flor.
1033 633 1085 686 Sat.
1093 635 1119 701 l,
1127 634 1157 701 4,
1166 649 1197 686 21
1206 653 1213 682 ε

609 721 847 766 ....BeetusPennius
857 721 915 766 ultro

450 785 792 846 mummolinum...

192 865 306 931 Seneca,
323 863 356 918 de
366 862 502 936 Tranquil.
513 880 557 915 an.
567 881 600 934 93
614 863 678 916 Plio.
690 863 735 916 lib.
747 866 854 932 mu,
866 877 930 919 seot.
950 882 980 928 a;
993 865 1102 919 Sueton.
1116 863 1176 916 Tib.
1193 881 1241 935 70,

76 947 80 956 '
191 945 310 999 Juvenal.
323 946 384 1011 vn,
395 963 441 1015 a9;
455 943 521 996 Plin.
534 943 583 1015 Ep.
595 945 647 1012 Ν,
662 946 705 1008 ι8;
716 947 755 1013 X,
766 945 808 999 25.

226 1053 288 1107 Not.
303 1053 328 1108 6.
339 1055 398 1126 lpse
405 1054 595 1125 semipoqauus.
604 1083 639 1094 -
647 1053 771 1126 Paqnnae
778 1067 818 1108 est
825 1055 954 1122 rusticus,
962 1065 989 1108 et
996 1054 1145 1128 opponitur
1151 1053 1233 1106 militi

190 1132 310 1186 Juvenal.
323 1135 396 1198 xvi,
408 1132 456 1196 33;
471 1131 536 1185 Plio.
552 1134 600 1203 Ep.
619 1133 657 1200 X,
678 1135 724 1197 183
735 1137 826 1204 Veqet.
838 1136 876 1201 ΙΙ,
889 1133 931 1188 2³.
947 1133 974 1186 lu
989 1133 1006 1187 l.
1017 1133 1241 1204 semipaganusls

190 1213 304 1344 5:2th
313 1212 341 1266 iu
350 1210 443 1264 litteris
452 1212 539 1283 prima
546 1211 627 1266 faeiat
634 1211 780 1284 stipendia,
791 1213 837 1285 qni
847 1212 967 1266 nondum
976 1211 1063 1285 poetis
1073 1213 1107 1264 sit
1114 1229 1242 1264 annume-

224 1395 293 1449 Nor.
308 1413 333 1466 7.
345 1395 389 1450 Ae
396 1415 467 1450 sacru
479 1407 568 1452 vatum
578 1416 683 1452 tannen
692 1399 779 1473 affero
794 1409 919 1454 nostrum.
929 1431 966 1442 -
975 1401 1054 1454 saera
1066 1409 1242 1470 opponuntur

189 1473 355 1546 vulgaribus,
367 1489 431 1528 sunt
443 1477 525 1547 igitur
539 1495 571 1530 ea
585 1497 644 1551 qne
656 1477 690 1531 ad
705 1481 824 1531 omnium
836 1477 1035 1549 intelligentiam
1048 1494 1104 1528 non
1116 1476 1240 1542 veniunt,

190 1554 304 1629 ideoque
314 1575 411 1610 aroana
422 1561 615 1632 cujuscumque
625 1561 688 1612 artie
700 1572 727 1612 et
742 1558 900 1630 discipline,
911 1577 968 1611 non
978 1559 1119 1610 nisiartem
1126 1554 1240 1608 nolenti·
1303 1614 1311 1630 ·

189 1635 240 1690 bus
251 1649 323 1690 note.
334 1639 447 1692 Possunt
458 1641 550 1711 itaquo
560 1659 632 1692 sacra
647 1641 737 1693 soeari
746 1653 880 1714 praeopta
890 1641 953 1692 artis
961 1639 1073 1711 poetice
1083 1649 1109 1690 et
1121 1637 1239 1690 earmina

189 1714 254 1788 ipsa.
268 1715 360 1788 virgil.
374 1718 470 1790 Georq.
483 1717 528 1771 lib.
542 1719 580 1784 ll,
591 1737 615 1770 v.
627 1719 678 1790 475
694 1741 700 1771 ε
723 1719 843 1786 allate,
856 1737 968 1790 quarum
979 1737 1052 1772 nou
1063 1717 1148 1790 lesu·-
1170 1713 1239 1767 Beue

190 1809 280 1848 noster
291 1798 403 1850 ironiam
419 1810 524 1866 tuetur,
539 1811 566 1851 et
578 1813 657 1852 vooat
673 1802 792 1854 carmina
806 1801 918 1853 istorum
932 1811 1089 1871 poetarum,
1106 1813 1178 1850 soora
1191 1815 1239 1848 vo-

190 1883 258 1941 tum,
269 1877 346 1947 quasi
361 1875 523 1930 familiariori
534 1879 673 1932 Musarum
685 1881 844 1933 commercio
856 1896 1002 1951 earumque
1014 1873 1117 1928 afflatui
1127 1875 1238 1947 proprio

188 1952 351 2024 debeantur,
365 1977 443 2012 suurn
458 1974 552 2013 eontra
567 1979 636 2032 opus
647 1961 803 2034 simpliciter
814 1978 930 2014 carmen.
949 1963 1007 2013 lloc
1021 1976 1126 2012 cannen
1140 1955 1239 2009 efferre

188 2055 217 2100 se
227 2039 421 2113 semipaqanum
431 2043 467 2095 ait
476 2042 512 2094 od
518 2059 590 2094 saera
600 2053 690 2095 vanem
695 2082 704 2111 ,
718 2042 745 2095 id
756 2055 808 2110 eat,
818 2041 917 2096 adtlere
925 2042 1003 2096 satus
1012 2051 1099 2092 uatum
1111 2039 1237 2090 carmini-

187 2115 239 2170 bus
250 2117 316 2187 illia,
330 2140 389 2194 quse
400 2123 458 2195 ipse
466 2122 565 2195 Apollo
576 2137 602 2176 et
611 2142 693 2177 muse
703 2123 877 2177 dictaverunt.
890 2125 933 2178 sie
944 2123 1048 2194 egregie
1058 2119 1240 2193 semipuqauus

189 2200 299 2268 vatibrss,
311 2220 415 2254 cannen
427 2215 539 2256 nostnsm
551 2208 698 2277 opponitur
708 2207 793 2259 mosis.
810 2204 888 2260 Unde
899 2221 992 2258 sensus
1004 2203 1089 2254 oritur
1100 2197 1239 2271 simplicis·

189 2279 286 2331 simus:
300 2299 405 2334 carmen
424 2281 474 2333 edo
490 2281 544 2334 hoo
559 2301 662 2349 meum,
679 2295 705 2336 et
721 2285 942 2355 praestantissimis
953 2293 1094 2353 poetarum
1111 2275 1238 2348 operibus

185 2359 240 2427 jam
256 2359 383 2431 evulgatis
400 2359 517 2432 adjungo
530 2381 608 2434 quam
621 2362 822 2415 modestissime.
840 2361 907 2426 Alii,
922 2363 991 2414 inter
1002 2377 1070 2432 quos
1081 2355 1238 2422 Lambinus,

189 2435 238 2486 sub
252 2441 329 2490 saeris
340 2438 491 2509 intelligunt
505 2439 577 2491 illam
591 2439 722 2514 Apollinis
736 2439 848 2493 Palatini
861 2438 1065 2500 bibliotheoam,
1080 2453 1134 2508 quo
1143 2447 1239 2487 aueto-

188 2533 231 2568 res
239 2518 337 2588 scripta
347 2518 514 2583 auadelerre,
522 2533 549 2571 et
558 2522 667 2572 recitare
677 2519 809 2573 solebant
825 2521 933 2572 sueton.
946 2521 1014 2589 Aug.
1028 2534 1077 2588 ²9³
1090 2516 1156 2580 Dio,
1168 2513 1238 2582 Llll,

187 2597 301 2668 princip.
313 2597 479 2651 Ovidfrrin.
492 2601 540 2664 ΙΙΙ,
556 2615 583 2666 1,
596 2599 631 2671 59
640 2617 699 2672 sqq.
714 2614 764 2652 ete.
778 2603 837 2653 lloo
849 2619 904 2652 non
917 2598 1053 2672 displicet,
1067 2615 1160 2652 verum
1174 2613 1237 2650 osse

187 2676 319 2730 existimes
331 2676 449 2730 Persium
463 2678 496 2732 de
510 2677 644 2732 delatione
658 2679 782 2732 carminis
796 2680 837 2733 sui
847 2681 874 2732 in
889 2678 957 2733 illud
970 2675 1097 2750 ternplum
1111 2687 1138 2728 et
1151 2672 1186 2728 tle
1197 2692 1238 2728 re·
1277 2681 1282 2688 '

186 2755 314 2808 citatione
329 2758 456 2828 cogitare.

220 2864 289 2916 Non.
296 2865 322 2930 8,
332 2863 371 2930 ¹l·
379 2863 490 2935 SubJ'ieit
496 2865 602 2918 Persius
608 2868 738 2919 rationem
745 2878 857 2938 propter
864 2883 956 2938 quam,
964 2881 1046 2936 quom
1054 2879 1109 2914 non
1116 2859 1149 2914 eit
1156 2870 1238 2933 poeta

186 2943 317 3010 initiatus,
330 2945 446 2996 carmina
460 2942 632 2998 nihilominus
642 2945 759 2997 seribere
766 2943 870 2996 audeat.
879 2945 945 2998 Sunt
952 2945 1023 2994 enirn
1030 2941 1087 2995 alie
1093 2959 1136 2993 ree
1142 2948 1237 3012 preter

186 3035 359 3088 memoratas,
371 3035 466 3094 praeter
482 3041 585 3090 musas,
599 3024 758 3077 Parnassum
773 3035 799 3074 et
810 3024 899 3076 fontes
913 3038 1017 3088 saeros,
1028 3038 1088 3093 quse
1099 3018 1236 3090 ingenium
1291 3061 1295 3070 .

186 3100 340 3180 homiqibue
358 3103 515 3175 largiantur-3
533 3104 616 3157 fames
631 3103 732 3159 seilicet
748 3116 775 3155 et
795 3122 855 3176 apes
871 3100 948 3156 locri.
969 3101 1109 3175 Respuuut
1129 3115 1236 3154 sensum

185 3181 260 3234 illum
276 3181 399 3236 nonnulli
417 3186 590 3256 interpretes,
606 3185 780 3256 inprimisque
797 3197 888 3250 noster
905 3180 1101 3242 casaubonus,
1125 3192 1151 3232 et
1166 3177 1236 3231 indis

185 3275 301 3333 quantur
314 3265 473 3317 sententiam
487 3263 568 3318 tribui
582 3267 669 3317 minue
689 3264 829 3318 honestam
848 3266 905 3316 viro
925 3261 1036 3316 liberali.
1054 3259 1236 3312 Verumenim·

185 3361 249 3396 vero
257 3342 420 3398 heeironioe
429 3344 501 3399 (licta
508 3365 580 3412 esse,
592 3358 618 3398 et
625 3347 712 3419 jocari
721 3347 852 3413 Persium,
861 3359 955 3418 poetas
964 3341 1109 3398 insolentes
1116 3353 1143 3394 et
1151 3341 1235 3393 famo

185 3423 253 3478 lioos
266 3423 433 3492 irridentem,
444 3427 503 3498 quis
515 3445 570 3480 non
582 3425 722 3497 intelligit?

217 3570 279 3618 Vae.
299 3571 322 3618 8.
337 3574 410 3618 Suam
422 3567 502 3637 χιῒμ.
519 3573 612 3619 liabent
621 3572 697 3619 ierne
706 3587 789 3620 ornnes
801 3572 1060 3620 membranulaeteres:
1071 3581 1139 3616 saum
1153 3565 1233 3612 Clean.

188 3639 290 3688 Graeam
301 3658 396 3699 vocem,
407 3645 455 3691 eise
464 3645 544 3708 potins
553 3659 651 3706 qraoam
660 3647 798 3708 scriptoram
807 3645 898 3692 restitui
906 3641 1038 3690 maluimus.

223 3739 291 3794 Nor.
302 3743 327 3795 Β.
340 3743 538 3816 Qiseapedioit
541 3745 652 3816 psittaco
658 3763 732 3796 suam
740 3745 819 3813 χιΐμ.
826 3776 863 3786 -
871 3746 952 3797 Poeta
959 3741 1079 3814 exprimit
1088 3735 1235 3792 similitudi·

188 3817 266 3872 nibus
280 3823 419 3892 apsisteeo
434 3838 461 3876 et
478 3825 538 3896 pies
549 3822 636 3876 (luetis
657 3821 727 3876 hane
741 3828 899 3878 sententiam
918 3841 1010 3875 suam:
1025 3818 1066 3873 vel
1083 3833 1177 3872 natura
1195 3818 1235 3869 in·

187 3897 274 3950 fantes
289 3899 359 3950 lame
378 3898 534 3972 eloquentes
549 3899 704 3954 redduntur.
717 3933 753 3944 -
761 3903 843 3972 χεῖρα,
857 3901 1030 3954 humanitatis
1040 3895 1166 3960 verbum,
1181 3911 1235 3968 quo

188 3975 317 4046 psittacus
326 3978 454 4032 intrantes
466 3978 606 4033 salutabat.

204 4109 279 4158 'Van
295 4111 410 4160 Octavam
423 4115 485 4162 inter
496 4127 520 4162 et
530 4130 619 4164 nonem
632 4131 726 4164 versun
741 4131 827 4166 nostra
840 4113 1137 4178 decumbentium
1148 4109 1236 4158 ltsbffl
