3052 4854
294 407 338 473 80
468 405 623 470 VARIAE
646 401 916 470 LECTlONES
940 405 1003 470 ET
1026 405 1162 472 NOTAE

293 531 328 585 de
346 541 469 584 sotorum
487 530 659 600 improbitate
678 543 704 582 et
724 530 915 582 sacrificiorum
934 531 1166 602 superstitionibus
1185 551 1237 586 sues
1256 537 1355 586 estatis

293 609 484 682 conquerendi.
493 637 530 650 -
538 612 638 678 Poscis,
647 611 666 662 i.
676 627 700 662 e.
714 611 752 662 its
763 610 847 681 petis,
859 609 992 682 quesitibi
1002 629 1053 683 pro
1062 613 1161 666 meritis
1173 611 1276 685 aliquid
1285 615 1356 683 jure

292 690 431 744 debentur.
441 717 478 730 -
486 691 566 742 Pisce
574 689 673 756 emaci,
684 690 700 740 i.
712 707 736 742 e.
747 706 842 760 prece,
853 691 897 742 cui
910 690 1039 744 sacrificis
1049 706 1206 764 sumptuosa
1216 691 1357 763 adjuncta

293 783 368 838 sunt,
380 770 477 842 quibus
487 772 606 824 Deorum
615 768 830 823 benevolentium
841 785 870 823 et
878 769 1065 825 liberalitatem
1074 775 1152 844 qussi
1163 792 1247 826 emere
1255 773 1358 827 stude·

290 851 357 904 bunt
369 869 469 922 eosque
481 849 648 920 obligatione
659 849 836 921 obstringere,
848 863 879 903 ut
891 869 919 904 se
931 853 1018 903 omnis
1029 852 1135 923 generis
1146 851 1274 906 felicitate
1288 853 1357 904 effi-

206 921 209 930 ’
291 943 390 985 cerem.
403 931 483 984 Conl.
495 929 544 982 int.
557 948 582 980 r.
595 929 647 992 30;
659 930 752 981 Horat.
765 928 817 982 Od.
831 931 879 996 ΠΙ,
893 947 940 1002 29,
953 929 999 983 582

669 1050 688 1062 ..
698 1019 933 1076 ..tdmuempreeer

626 1086 754 1140 Decurrere,
765 1088 849 1129 etuntr'r
857 1087 997 1142 perusi...

292 1205 328 1216 -
335 1172 452 1227 Seducts's
463 1170 623 1226 committere
634 1169 713 1238 divis,
725 1169 835 1242 quidam
844 1169 995 1242 explicent:
1007 1173 1107 1224 credere
1118 1172 1174 1225 Diis
1181 1191 1354 1244 permanere

291 1251 434 1324 comprin-
447 1249 520 1323 quod
529 1251 619 1302 minus
627 1248 724 1322 placet.
735 1251 865 1318 Quemvis
876 1253 947 1304 enim
955 1251 1073 1306 seducere
1081 1270 1255 1325 corrumpere
1264 1255 1355 1306 inter·

292 1334 357 1386 dnm
367 1325 514 1402 significet}
526 1330 601 1402 qussi
611 1347 627 1382 s
636 1341 711 1382 rectu
722 1328 867 1393 deduceres
879 1329 963 1383 nolim
974 1345 1063 1384 temen
1075 1333 1192 1398 auctori,
1206 1350 1259 1403 prae
1270 1347 1355 1386 eaete·

293 1415 330 1466 ris
339 1411 424 1477 brevi,
434 1407 557 1464 eumdem
566 1427 657 1462 rursus
666 1410 789 1482 usurpari
799 1413 973 1478 senteutiam,
984 1430 1042 1482 quse
1051 1414 1106 1482 jem
1117 1429 1183 1464 soce
1194 1413 1277 1464 emaci
1287 1414 1354 1466 fue·

293 1495 327 1546 rit
339 1507 475 1561 expresse,
489 1505 602 1560 querque
616 1490 703 1540 minus
716 1491 859 1540 conveniet
870 1507 931 1542 cum
943 1508 1021 1543 versu
1031 1493 1192 1562 insequenti.
1203 1493 1353 1560 Homines,

294 1567 404 1644 quando
417 1587 478 1620 cum
489 1569 522 1618 iis
536 1565 638 1638 aliquid
648 1569 846 1620 communicare
860 1568 999 1636 volumus,
1012 1567 1085 1641 quod
1096 1551 1186 1640 psldm
1198 1570 1255 1623 fieri
1267 1571 1354 1624 nolu-

293 1667 370 1714 mus,
386 1646 545 1712 seducimus,
562 1663 609 1699 seu
622 1644 745 1699 ducimus
759 1648 788 1698 in
802 1646 892 1700 locum
906 1667 922 1701 s
936 1647 1014 1701 turbe
1027 1663 1167 1702 secretum.
1182 1648 1243 1701 Vid.
1257 1651 1349 1721 lleyn.

191 1769 199 1785 .
295 1729 330 1783 sd
339 1726 438 1780 Tibull.
450 1730 488 1794 ll,
503 1745 526 1794 r,
538 1725 582 1792 84.
592 1728 650 1778 Hoc
663 1724 733 1778 bene
745 1726 903 1779 usnslstum
913 1741 954 1780 est
966 1727 1001 1780 ed
1013 1730 1097 1796 Dens,
1110 1728 1271 1800 quibuscum
1281 1743 1352 1784 sote

295 1820 397 1864 secrete
410 1807 490 1873 fiunt,
505 1819 532 1858 et
543 1825 576 1858 es
587 1807 798 1875 committuntur,
812 1826 870 1880 quse
882 1811 930 1880 qui
939 1821 1065 1880 precatur
1077 1827 1133 1861 non
1149 1808 1245 1862 sudent
1256 1811 1349 1881 palum

293 1889 422 1964 profiteri.
436 1889 530 1941 Senes.
542 1889 625 1959 Epist.
639 1889 678 1953 X,
692 1905 724 1940 ex
735 1886 930 1941 Athenodoro.-
948 1892 1045 1942 «Tunc
1057 1891 1139 1956 scito,
1151 1902 1177 1942 te
1189 1907 1247 1943 esse
1259 1895 1350 1944 omni-

293 1970 344 2022 bns
360 1965 550 2040 cupiditatibus
567 1965 697 2030 solutum,
713 1983 794 2038 quum
809 1987 841 2020 eo
854 1972 1021 2040 perveneris,
1036 1981 1065 2020 ut
1078 1967 1143 2021 nibil
1157 1971 1243 2022 Deum
1259 1991 1349 2044 rupes,

292 2051 345 2104 nisi
362 2049 433 2120 quod
447 2065 538 2120 ropere
552 2047 634 2118 possit
648 2045 750 2119 pulum.
769 2047 847 2100 Nunc
862 2051 933 2100 euim
946 2061 1044 2118 qusuts
1057 2046 1191 2100 dementis
1203 2063 1241 2102 est
1255 2049 1348 2105 bomi-

293 2129 375 2180 num?
390 2127 541 2196 turpissime
554 2137 613 2173 vote
628 2125 684 2172 niis
698 2127 879 2186 insusurratum
892 2129 914 2177 si
929 2127 989 2196 quis
1003 2124 1150 2180 admoverit
1162 2143 1266 2195 eurem,
1277 2149 1346 2183 con-

292 2209 434 2270 ticescent,
446 2215 472 2256 et
481 2199 556 2274 quod
566 2201 633 2263 scire
642 2196 779 2250 hominem
789 2199 898 2270 nolunt,
907 2204 966 2255 Deo
976 2219 1093 2258 narrant.
1105 2205 1147 2259 sic
1159 2209 1216 2260 vise
1225 2228 1286 2261 cum
1295 2209 1348 2264 bo-

292 2285 424 2351 minibus,
437 2297 565 2355 tanuem
572 2281 644 2332 Deus
651 2276 752 2342 sident3
765 2281 802 2332 sic
812 2277 923 2352 loquere
933 2300 993 2334 cum
1003 2284 1074 2354 Deo,
1084 2297 1212 2358 tunqunm
1222 2288 1346 2346 homines

293 2365 411 2419 audient.
423 2387 435 2410 r

324 2545 408 2589 visin
417 2553 552 2588 suessones.
567 2539 591 2596 4.
604 2539 703 2585 Arboua
712 2554 768 2602 pers
778 2555 898 2603 procurem
908 2545 976 2588 tecr'tu
986 2542 1063 2590 libebit
1073 2561 1159 2592 acerra.
1171 2571 1204 2584 —
1214 2549 1306 2598 Habent
1318 2551 1346 2598 lr'·

293 2611 354 2659 tutu
365 2611 441 2667 8055,
455 2609 529 2672 8070,
544 2609 618 2671 807²,
636 2609 701 2671 quod
714 2611 864 2658 Cssaubonus
877 2614 1001 2676 secuique
1015 2631 1096 2664 omnes
1110 2631 1220 2680 recepere
1234 2621 1344 2670 editores.

291 2683 359 2731 Solus
368 2683 461 2742 Koeniq.
471 2681 550 2743 posuit
560 2678 650 2734 liberm
660 2695 707 2742 qus
715 2694 773 2726 vero
782 2679 856 2728 iretur
866 2685 1005 2731 auctoritate
1014 2689 1132 2746 posuerit,
1141 2703 1190 2735 nnn
1198 2703 1285 2740 mouet.

326 2789 394 2841 Nm.
408 2785 434 2854 4.
448 2785 485 2838 Ar
494 2787 562 2838 bona
571 2803 632 2857 pars
638 2803 775 2857 procerum
789 2773 867 2839 tacita
879 2787 970 2841 libebit
978 2809 1075 2846 acerra.
1085 2823 1121 2834 —
1129 2797 1203 2848 Bona
1212 2817 1273 2870 pers
1282 2819 1344 2873 pro·

290 2886 387 2922 comm.
400 2863 555 2917 Notandum
571 2877 610 2918 est
621 2865 740 2918 Persium
753 2866 780 2915 in
790 2884 907 2938 proceres
920 2871 1109 2946 principesque
1122 2877 1290 2946 potissimum
1302 2881 1344 2931 in·

291 2941 367 3014 sebi,
375 2944 608 2998 infimosltomines
617 2943 656 2995 vel
666 2943 1070 3014 dedignatum,velmiserstum.
1082 2982 1118 2993 -
1129 2955 1245 3022 libebit,
1257 2971 1344 3011 sumet

292 3029 355 3081 thus
366 3024 533 3079 etfundetex
541 3043 643 3092 acerra,
654 3022 744 3076 ercule
752 3025 871 3079 thuraria
879 3028 1024 3100 quadrata,
1033 3050 1065 3084 ec
1077 3031 1111 3086 ‹le
1124 3053 1174 3087 ere
1187 3036 1346 3110 plerumque

292 3109 429 3180 eleganter
435 3105 596 3172 facts,unde
604 3105 666 3157 thus
672 3104 847 3176 premebatur
853 3122 880 3160 et
887 3110 914 3160 in
921 3111 1009 3181 iguem
1016 3112 1346 3190 injiciebetunitaquepo·

292 3191 422 3261 niturpro
428 3183 704 3260 sucn‘fieet,precutur.
711 3186 825 3254 llorJll,
832 3189 857 3256 8,
865 3207 878 3241 n
885 3207 944 3263 sqq.
951 3191 1029 3245 Ouid.
1039 3211 1071 3246 ex
1077 3197 1162 3248 Ponto
1170 3197 1214 3266 IV,
1223 3197 1252 3265 8,
1260 3197 1295 3268 39
1303 3217 1343 3272 sq.

524 3277 569 3320 Nee
576 3289 625 3332 ques
631 3275 658 3318 de
666 3289 731 3333 perse
740 3275 774 3324 uls
782 3291 865 3336 pauper
873 3279 931 3322 libat
937 3295 1018 3326 acerra

551 3341 626 3386 Titum
633 3341 707 3387 minus
713 3345 790 3400 grnndi
798 3357 866 3400 quem
873 3346 924 3390 dete
931 3345 992 3391 leuce
1001 3347 1078 3392 velent.

292 3429 391 3485 Exhoc
399 3427 500 3498 colligit
508 3427 629 3497 exemplo
637 3431 761 3496 Preteus,
767 3433 912 3502 improprie
919 3435 1036 3485 Persium
1045 3435 1344 3514 ntirerboacerra,que

292 3512 375 3564 fuerit
383 3527 549 3582 pauperum,
562 3523 644 3578 quum
652 3526 778 3579 proceres
788 3509 911 3564 lancibus
920 3525 1066 3566 uterentur.
1082 3516 1117 3567 At
1128 3533 1192 3568 vero
1205 3514 1278 3568 eliud
1289 3534 1346 3572 erat

294 3589 415 3643 sacrificii
428 3604 513 3658 genus
529 3585 601 3657 quod
615 3586 691 3638 ficret
703 3607 805 3656 acerra,
820 3589 893 3642 eliud
908 3591 982 3664 quod
997 3592 1085 3660 lance,
1100 3609 1126 3647 et
1141 3609 1282 3667 utrumque
1295 3599 1347 3651 fuit

285 3671 383 3744 persis
395 3685 469 3740 reque
482 3685 514 3718 sc
524 3667 628 3736 magnis
642 3667 784 3732 usitatum3
798 3668 845 3722 sed
856 3669 943 3722 fictilis
955 3684 1012 3724 erat
1023 3689 1110 3724 acerru
1124 3673 1288 3745 infimorum,
1304 3695 1345 3728 sr-

292 3761 390 3821 gentes
408 3744 546 3798 velantes
561 3746 716 3816 primorum.
735 3777 771 3788 -
791 3748 898 3815 Tacita,
915 3769 963 3821 per
978 3753 1166 3824 metonymiam
1184 3773 1235 3825 pro
1253 3757 1346 3823 tacite,

293 3829 363 3881 rotis
372 3825 513 3880 summissa
524 3840 589 3875 voce
602 3827 777 3896 nuncupetis,
794 3845 828 3878 ne
842 3829 969 3900 iniquitas
979 3847 1072 3882 eorum
1085 3844 1111 3883 et
1126 3832 1232 3887 foeditss
1246 3835 1346 3888 ceteris

294 3909 381 3978 possit
394 3902 548 3957 bominibus
562 3903 736 3958 innotescere.

331 4022 398 4074 Nor.
412 4023 436 4073 5.
445 4018 610 4073 Hurrdcuiris
615 4033 769 4094 promptum
781 4033 818 4076 est
826 4043 996 4096 mumurque
1006 4025 1169 4100 humilesque
1178 4047 1298 4081 susurrus.
1308 4057 1343 4068 -

295 4101 465 4174 Promptum,
473 4097 625 4171 expeditum
631 4140 640 4168 ,
647 4100 735 4154 fusile.
741 4103 954 4175 —Humilerquc
960 4121 1108 4174 susurros,1.
1115 4123 1139 4157 e.
1148 4123 1253 4177 pressos
1260 4125 1344 4158 susus·
