3052 4854
301 417 345 482 82
476 407 631 475 VARIAE
655 403 926 471 LECTIONES
950 405 1013 470 ΕΤ
1037 405 1174 474 NOTAE

301 541 398 612 hospes.
409 533 613 590 Pronominibos
629 533 683 585 ltoec
695 545 722 584 et
736 530 788 584 illc
801 530 1027 601 grammaticalem
1042 551 1120 584 suom
1134 535 1231 586 serrati
1244 553 1360 590 sensnm

301 617 520 693 deprehenderis,
534 619 554 668 si
567 613 648 667 modo
659 611 695 664 ad
706 615 850 665 sententies
862 613 948 683 ipsas,
960 630 1073 685 quarum
1087 614 1162 666 alteri
1179 614 1292 668 alterurn
1308 617 1360 670 ad-

242 707 247 714 ’
297 708 420 775 junctum
431 713 483 766 est,
499 700 589 771 potius
603 693 761 760 attenderit,
776 711 857 766 quam
872 692 907 745 ad
922 692 1043 746 ordinem
1059 698 1248 748 sententiarum
1261 699 1361 752 verbo-

299 801 420 856 rumque.
433 782 536 834 Etenim
548 779 601 831 hoec
610 777 731 847 designat
742 793 850 847 preces,
859 793 918 847 quse
930 774 1069 847 propalam
1080 779 1223 829 recitantur
1234 791 1260 830 et
1275 783 1360 850 quasi

299 883 437 938 propiores
447 876 524 922 suut;
533 859 582 912 illa
591 876 654 910 vero
664 856 786 926 designat
795 874 849 921 eas,
857 875 916 927 qun
926 856 993 907 fiunt
1004 857 1091 922 intus,
1102 871 1129 909 et
1141 871 1203 911 suot
1215 863 1298 928 magis
1311 878 1360 911 re·

298 945 412 997 conditae
426 956 453 995 et
471 953 585 994 remotae.
604 967 640 977 -
654 937 709 990 Sibi
714 959 724 998 ;
742 955 796 988 non
817 935 873 988 aliis
892 935 991 988 scilicet
1008 935 1149 990 audienda.
1162 939 1358 991 —Introrrnm

298 1035 324 1076 et
336 1025 381 1076 sub
393 1023 499 1094 lingua,
513 1021 532 1069 i.
548 1036 571 1068 e.
586 1018 622 1068 ita
635 1030 666 1068 ut
676 1032 795 1066 murmur
806 1013 874 1065 illud
885 1015 931 1066 sub
944 1013 1035 1086 linqua
1048 1028 1166 1082 maneat,
1179 1035 1228 1069 nec
1240 1018 1358 1088 prodeat

297 1103 385 1170 foras,
399 1100 510 1173 aliisque
523 1101 691 1150 innotescant
704 1113 735 1148 ea
747 1113 805 1167 quae
820 1106 956 1166 optantur.
972 1097 1086 1166 Respice
1101 1097 1136 1149 od
1149 1099 1250 1150 Horatii
1262 1098 1358 1152 locunt

299 1185 437 1257 superiore
449 1193 513 1234 note
526 1177 648 1230 relatum.

329 1371 390 1416 Van.
412 1381 447 1413 to.
461 1361 551 1411 ututur
558 1362 638 1425 patrui
646 1357 871 1422 preclarumfimus.
883 1383 915 1394 -
924 1359 1000 1406 ilabet
1009 1359 1070 1421 ⁸272
1082 1357 1176 1406 Ebulr'at
1186 1366 1276 1426 paneri,
1288 1364 1356 1428 0070

298 1437 386 1486 Ebullit
393 1445 490 1502 potrum
504 1448 570 1496 quae,
584 1433 626 1476 etsi
638 1444 686 1475 non
698 1430 776 1490 inepta
787 1431 883 1474 omnino
897 1427 1019 1484 videntur,
1036 1429 1128 1492 (ipsunt
1139 1434 1201 1478 enirn
1211 1431 1294 1479 ebulr'nt
1307 1434 1357 1497 legi

297 1511 369 1576 possit
376 1507 470 1572 ebuljat,
481 1517 507 1552 ut
515 1505 595 1568 orJ'ete)
607 1501 736 1563 posteriora
746 1513 823 1546 tamen
828 1499 911 1560 judico
916 1498 970 1546 huic
978 1499 1085 1548 lectioni:
1095 1501 1182 1548 Ebullr't
1187 1507 1272 1565 petru„
1281 1521 1356 1569 qum

298 1580 347 1627 edit
358 1579 418 1626 8055
424 1611 431 1633 ,
446 1588 564 1639 quamque
579 1580 720 1632 receperunt
731 1583 812 1614 omnes
822 1569 897 1614 ferme
907 1568 1016 1614 editores.
1028 1567 1120 1615 Ebullct
1129 1569 1184 1630 legit
1193 1573 1354 1630 Britannicus,

297 1651 364 1712 quati
373 1649 402 1693 ab
411 1643 498 1700 chullo,
510 1658 544 1690 ns.
558 1641 638 1688 Posuit
647 1641 745 1700 Koenig,
756 1651 780 1684 et
790 1638 885 1702 quidem
893 1653 954 1685 unus
964 1640 1082 1694 omniurn,
1093 1639 1172 1685 ebullit
1179 1651 1285 1704 pavum,
1293 1661 1357 1706 pm.

297 1722 386 1770 clamem
393 1721 482 1785 firnus‚·
498 1719 577 1780 sicque
594 1714 672 1776 posuit
686 1712 834 1774 conjectura,
846 1727 876 1758 eo
892 1712 958 1775 quod
971 1726 1077 1758 recurrat
1088 1727 1135 1758 non
1149 1713 1221 1760 semel
1232 1715 1294 1777 apud
1305 1732 1354 1763 au-

297 1805 375 1840 ctores
387 1791 488 1844 locutio,
504 1784 597 1834 ebullire
608 1786 720 1838 animam,
734 1781 829 1828 airuns„
842 1785 958 1845 spirirum,
971 1797 1015 1845 pm
1030 1783 1094 1828 ,m
1106 1783 1186 1829 sem
1200 1785 1224 1829 in
1237 1787 1355 1848 ,mlo-

297 1863 419 1929 cyuthosi:
433 1883 443 1903 ι
453 1859 493 1906 llle
504 1857 599 1922 quidem
611 1852 751 1914 (Claudius)
764 1855 864 1898 atumem
875 1851 974 1908 ebulliit,
985 1864 1029 1900 etc.
1041 1868 1071 1899 eo
1080 1853 1148 1900 desiit
1157 1855 1235 1901 rivere
1244 1856 1328 1903 rideri.
1340 1879 1351 1900 ι

297 1937 355 1996 Qttae
368 1933 463 1998 quidem
472 1929 562 1977 locutio
573 1937 645 1974 tracta
658 1936 694 1970 est
704 1923 931 1986 semanimem,
944 1939 996 1986 qun
1007 1925 1032 1970 in
1041 1923 1111 1971 labris
1120 1926 1268 1972 morientium
1280 1917 1355 1974 enisu.

297 2006 433 2053 advertitur.
448 2000 495 2050 Sed
506 2001 555 2062 ipse
567 1997 651 2056 Kreoig
663 1995 750 2050 latetur
760 2009 785 2040 sc
800 2009 915 2057 nusquam
928 1993 1011 2041 vidisse
1026 1993 1120 2042 ebullire
1130 1997 1234 2057 positum
1246 1995 1354 2046 abanim

297 2093 341 2140 pro
351 2078 415 2123 mori.
426 2073 461 2120 td
471 2071 529 2118 alios
537 2081 615 2116 autern
626 2083 652 2114 ac
661 2065 828 2114 diversissimos
837 2081 919 2118 sensus
928 2067 961 2113 sic
971 2067 1072 2128 positum
1084 2067 1189 2114 absolute
1198 2083 1258 2130 saepe
1268 2071 1354 2132 expia

298 2151 406 2196 recurrit.
417 2148 466 2192 Cic.
476 2145 547 2190 Tuae.
558 2143 644 2201 Quaest.
654 2139 699 2196 tlt,
709 2137 749 2196 da.
759 2138 828 2184 Unde
837 2139 939 2186 arbitror
947 2139 1060 2186 tundunt
1069 2155 1119 2187 esse
1129 2141 1203 2187 Mtte.
1215 2141 1300 2196 ecda..
1309 2145 1354 2204 qui

299 2233 413 2281 nutqurmr
426 2215 499 2261 edunt
510 2220 616 2276 patrunus.

334 2331 403 2381 nor.
427 2341 466 2378 to.
483 2316 652 2376 orreretur
660 2319 752 2392 parmi
759 2286 914 2388 plectarum
922 2317 1019 2390 anu,
1034 2331 1061 2371 er
1071 2339 1087 2372 ο
1098 2319 1159 2372 st...
1170 2349 1206 2359 -
1220 2319 1288 2386 ou,
1301 2339 1354 2392 op.

299 2408 380 2460 tantis
398 2418 424 2458 et
439 2403 558 2474 rogantia
572 2397 666 2461 verba,
683 2395 796 2468 perlecti
810 2413 899 2467 perse
914 2408 1057 2468 utrumque
1072 2415 1179 2464 sensus,
1193 2397 1254 2451 licet
1269 2400 1354 2449 inter-

299 2487 378 2554 durn,
390 2498 419 2538 ut
429 2485 483 2537 hoc
496 2483 571 2548 loco,
587 2477 838 2551 copulentur.Virg.
849 2475 953 2529 AEneid.
963 2480 1010 2544 Vl,
1024 2477 1071 2548 187
1082 2499 1087 2530 :
1102 2479 1145 2530 ssi
1155 2497 1226 2530 nnnc
1237 2498 1265 2532 ee
1275 2479 1353 2532 nobie

298 2568 343 2622 ille
358 2585 453 2621 aureus
465 2563 560 2616 arbore
575 2577 672 2612 ramus.
684 2583 695 2606 ι
709 2589 745 2598 -
758 2556 875 2626 Ebullit,
891 2559 1038 2611 contractio
1051 2577 1101 2630 pro
1113 2559 1233 2627 ebulliat,
1249 2559 1289 2612 vel
1300 2579 1352 2632 pro

299 2647 440 2713 ebullierit,
456 2647 524 2697 sicut
537 2640 609 2712 apud
624 2641 715 2690 Horat.
729 2641 782 2692 Sat.
795 2643 832 2704 ll,
844 2641 875 2704 8,
890 2657 941 2708 90:
957 2657 1060 2711 «quarn
1074 2643 1095 2692 si
1110 2658 1170 2692 cum
1185 2639 1281 2694 lumbis
1293 2643 1354 2713 quis

299 2723 367 2786 edin·
378 2747 390 2771 ι
406 2735 451 2776 ant
463 2719 535 2793 apud
543 2718 634 2790 Virgil.
648 2715 751 2769 AEneid.
764 2719 802 2782 Il,
818 2719 882 2770 118:
899 2741 909 2764 ι
922 2717 1006 2783 uitet,
1016 2719 1149 2771 cuiritarn
1158 2718 1237 2786 deus,
1248 2733 1293 2772 aut
1304 2739 1353 2772 sua

299 2805 393 2858 dextra
405 2801 530 2854 dedisset.
542 2823 553 2848 ι
568 2797 630 2850 Edit
641 2815 690 2868 pro
700 2799 823 2859 ediderit;
836 2799 903 2849 viset
911 2817 962 2870 pro
974 2797 1083 2852 vixisset.
1096 2797 1228 2868 Ebullire,
1245 2803 1353 2873 proprie
1366 2824 1371 2835 ·

299 2887 327 2937 in
336 2882 437 2936 bullam
448 2899 521 2951 aque
531 2896 688 2948 exsurgere,
699 2874 922 2948 quemadmodum
934 2897 948 2929 e
958 2876 1032 2944 lacu,
1048 2878 1156 2951 quando
1171 2879 1251 2951 pluit,
1266 2878 1307 2932 rel
1321 2899 1354 2932 ex

300 2984 369 3038 aqua
384 2961 540 3026 ebulliente,
556 2977 613 3033 quae
625 2959 776 3010 intumescit
786 2971 812 3008 et
824 2957 922 3022 effluit;
938 2958 1133 3031 metaphorice,
1144 2959 1287 3030 derepente
1303 2979 1353 3032 ap·

299 3062 393 3120 parcre
410 3060 440 3094 ac
457 3043 509 3092 cito
529 3055 696 3092 evanescere.
714 3035 791 3088 Unde
810 3038 996 3108 proverbium,
1016 3041 1092 3110 cujus
1111 3043 1230 3092 meminit
1244 3043 1350 3092 Terent.

298 3125 382 3175 Varro
397 3117 500 3170 rhomo
513 3115 608 3170 bulla·
629 3113 682 3166 hoc
696 3113 773 3180 loco,
788 3115 924 3186 derepente
937 3135 1072 3190 apparere.
1086 3147 1123 3158 ·-
1135 3119 1242 3182 Parme·
1256 3119 1353 3172 decen-

298 3204 350 3255 tius
365 3199 465 3254 scilicet
478 3211 586 3260 votum,
603 3197 720 3266 quamsi
737 3193 844 3247 dixisset
858 3196 953 3267 patris,
974 3215 1031 3269 quae
1047 3215 1097 3250 vox
1114 3199 1200 3251 minus
1215 3197 1352 3252 habuisset

297 3273 767 3347 festivitatis.-Proeclarumsunus,
779 3289 908 3348 apparatu
916 3278 1017 3330 scilicet
1025 3293 1050 3330 et
1059 3281 1243 3351 exsequiarum
1251 3298 1351 3352 pompa
1445 3339 1447 3346 y

299 3362 476 3436 magnificum.
492 3357 533 3410 Sic
544 3356 623 3421 dixit,
635 3369 761 3426 tanquam
774 3358 820 3428 qni
832 3358 912 3408 funus
925 3370 1000 3430 optat
1011 3359 1100 3411 ridere
1112 3361 1216 3432 patrui,
1229 3363 1285 3431 ejus
1296 3373 1352 3411 tan-

298 3439 436 3496 tummodo
444 3437 554 3509 gloriam
563 3447 589 3486 et
597 3432 728 3485 honorem
737 3435 832 3486 intueri
840 3435 970 3489 videatur.
978 3437 1011 3488 vi
1018 3439 1121 3489 comica
1130 3456 1185 3489 non
1193 3451 1252 3508 eget
1258 3437 1351 3506 locus,

299 3541 378 3596 quern
390 3519 490 3593 posteri
503 3516 601 3569 satirici
613 3513 767 3565 retulerunt.
779 3513 851 3567 Nihil
866 3515 953 3569 dicam
967 3515 1000 3569 de
1013 3536 1105 3570 eorum
1118 3517 1350 3589 interpretatione,

298 3607 343 3680 qui
350 3603 435 3675 filaus
448 3595 581 3670 explicant
598 3613 645 3666 per
658 3594 838 3666 sepulchrum,
850 3598 944 3652 ebullit
954 3616 1002 3670 per
1013 3599 1261 3671 ntatetapcriatur‚
1275 3599 1350 3670 quasi

297 3705 391 3740 aurum
403 3681 533 3735 inclusum
546 3675 609 3729 inde
620 3675 781 3728 extrahatur.
794 3679 882 3746 Quam
894 3679 1013 3732 retulisse
1024 3681 1284 3752 interpretationem,
1298 3679 1351 3730 fuir

300 3767 463 3820 confutasse.

333 3874 399 3923 Nor.
423 3885 463 3921 rt.
475 3867 529 3920 Sub
542 3875 621 3918 rostro
635 3875 720 3936 crepet
730 3867 832 3938 argenti
843 3867 910 3918 mibi
919 3867 998 3933 seria,
1010 3867 1099 3919 dextro
1111 3864 1286 3918 Herculel—
1294 3865 1350 3917 Sub

296 3964 389 4014 rostro,
405 3953 432 4002 in
444 3965 506 4018 agro
520 3943 633 4008 scilicet,
649 3945 690 3995 rel
704 3947 731 3995 in
745 3944 839 4007 horto;
854 3965 888 3996 ne
899 3947 1000 3996 mireris
1015 3945 1123 3997 attribui
1143 3957 1253 3997 austrum
1270 3942 1351 3995 alicui

296 4049 447 4104 procerum.
464 4027 570 4080 Debent
585 4025 700 4096 aliquam
715 4024 880 4094 agriculturae
894 4043 1005 4095 operam
1017 4025 1058 4077 rel
1072 4026 1124 4096 ipsi
1138 4042 1263 4097 proceros
1275 4023 1348 4093 apud

185 4158 194 4172 ,
295 4113 443 4172 Romanos,
460 4121 487 4159 et
503 4107 621 4180 alioquin
635 4105 684 4158 sibi
699 4120 813 4157 rastrum
828 4124 855 4156 ee
871 4117 986 4156 tractare
1007 4106 1076 4157 ultro
1093 4105 1176 4173 bugat
1193 4103 1349 4155 ambitiosos
