3052 4854
334 585 607 698 VARIAE
649 584 1103 700 LECTIONES

591 843 662 918 ur
689 841 843 919 Noun

531 1060 581 1123 IN
611 1057 905 1126 PROLOGUM.

194 1525 226 1563 os
245 1513 374 1567 rnonoso.
396 1477 550 1565 Pacuuius
564 1510 654 1584 aliquo
668 1511 787 1564 carmine
801 1506 908 1584 reliquis
922 1511 1069 1583 proludere
1080 1515 1239 1567 carminibus

190 1587 246 1666 jani
259 1608 321 1646 ante
336 1595 454 1646 Persium
467 1605 524 1645 erat
535 1594 669 1644 usitatum.
685 1591 739 1660 Qui
753 1609 810 1644 snos
825 1609 840 1642 a
854 1593 963 1645 comicis
977 1591 1012 1645 ad
1023 1606 1133 1648 caeteros
1146 1609 1240 1667 poetas

193 1673 261 1726 forts
271 1686 430 1746 pervaserat.
444 1671 565 1724 Prmiudit
574 1669 671 1723 fabuiis
685 1669 808 1724 Phaedrus
823 1669 950 1743 prologo;
965 1685 1046 1744 atque
1058 1671 1128 1726 haue
1142 1677 1239 1747 preafa-

193 1751 316 1804 tiuuouim
332 1754 476 1816 rationem,
487 1761 573 1822 poetas
583 1762 610 1802 et
619 1747 731 1800 Phaedro
745 1763 771 1800 et
785 1750 874 1801 Persio
887 1752 1062 1820 recentiores,
1076 1755 1240 1826 ampeanpius

193 1847 400 1905 usurpaverunt,
417 1833 589 1906 inprimisque
603 1829 725 1883 adhibuit
743 1830 783 1882 Gi.
800 1831 971 1884 Claudianus.
995 1834 1094 1888 Noster
1110 1853 1173 1888 vero
1191 1854 1240 1888 cur

191 1913 327 1968 lambicis¹
337 1915 502 1986 potissimum
512 1911 630 1966 versibus
639 1913 762 1984 sequenti
770 1911 924 1964 hexametro
933 1914 1093 1984 praeluserit,
1103 1915 1239 1989 disputare

192 1993 275 2045 ier-rue
287 2003 326 2045 est
337 2009 578 2065 supervacaneum,
589 2009 673 2062 quum
683 2007 758 2042 ruens
771 2001 856 2062 poeta
866 1989 946 2044 nullis
955 1993 982 2044 iu
993 1989 1046 2046 hoc
1058 2008 1166 2065 regatur
1175 1994 1240 2066 legi·

191 2072 258 2140 bas,
268 2075 319 2127 uisi
326 2073 428 2145 judicio
441 2090 500 2127 sao.
510 2073 639 2126 caenmm
648 2071 776 2143 prologus
786 2071 923 2124 satirarum
932 2070 985 2124 hoo
995 2092 1073 2127 versu
1085 2067 1165 2128 sci-ibi
1176 2079 1239 2129 satis

191 2151 295 2220 decuit,
310 2170 389 2225 quero
403 2155 430 2206 iu
445 2151 564 2224 prologis
578 2151 633 2204 auis
648 2153 744 2204 comici
758 2151 947 2224 sequebantur,
959 2155 1036 2222 eujus
1049 2171 1112 2206 vero
1128 2157 1179 2207 fuit
1195 2157 1238 2207 iu-

190 2245 294 2301 ventor,
306 2231 350 2286 ille
366 2236 506 2287 satiram
523 2234 649 2304 scriptor,
667 2230 709 2284 vel
724 2233 866 2306 princeps,
878 2230 920 2284 rel
936 2245 1007 2284 certe
1022 2231 1238 2288 mordacissimus

191 2312 376 2367 Archilochus.

224 2395 286 2447 Nou
294 2392 436 2447 defuerunt
444 2397 490 2466 qai
498 2394 549 2446 hos
557 2412 646 2447 versus
656 2393 761 2467 prologi
770 2393 803 2445 ad
814 2395 920 2446 sutirum
929 2395 1040 2464 primam
1048 2394 1180 2465 pertinere
1188 2409 1237 2444 au-

190 2485 331 2524 tumarent.
339 2473 427 2540 Quam
435 2471 471 2524 ob
478 2489 585 2526 oausam
593 2473 620 2523 iu
628 2471 804 2544 quorumdam
813 2469 972 2524 editionibus
982 2473 1099 2524 invenias
1109 2471 1236 2524 iliosoum

190 2549 361 2623 sequentibus
375 2551 533 2603 hessmetris
545 2551 807 2627 continuatonSsue
817 2552 845 2604 iu
857 2551 962 2604 satir-ico
973 2551 1091 2604 Petronii
1102 2563 1235 2604 tonantes

188 2628 346 2683 hexametris
354 2631 511 2702 prepositos
520 2641 547 2682 et
553 2628 715 2683 cohaerentes
723 2631 837 2701 reperire
844 2643 892 2684 ast.
902 2631 1056 2683 tumorem
1063 2642 1119 2683 tots
1127 2629 1235 2683 alterius

188 2713 292 2782 generis
306 2711 386 2764 satira
398 2708 466 2763 nihil
476 2709 549 2762 aliud
561 2725 634 2774 erat,
645 2727 724 2782 φιιυι
738 2712 848 2762 mistura
860 2709 979 2781 quasdam
992 2710 1139 2764 carminum
1148 2710 1234 2764 modis
1340 2711 1344 2724 '

188 2790 350 2845 direrwram
366 2810 429 2845 oum
448 2790 534 2845 soluta
548 2793 677 2844 oratioue.
692 2789 759 2844 Vide
773 2789 959 2845 casaubonum
976 2791 1009 2844 da
1023 2791 1133 2844 Sutirioa
1144 2793 1234 2858 Poeni,

187 2869 232 2924 tib.
250 2872 286 2924 ΙΙ.·
293 2873 392 2926 Verum
406 2873 518 2925 istorum
530 2889 619 2925 errare
631 2874 789 2926 sententiam
806 2883 833 2924 et
844 2887 887 2924 res
900 2872 957 2942 ipss
971 2883 1075 2940 mouet,
1087 2883 1114 2924 at
1129 2872 1233 2943 prologi

187 2950 293 3018 titulus,
305 2965 332 3004 et
344 2951 503 3006 membrum
516 2967 631 3018 veteres,
646 2971 712 3025 quas
721 2952 833 3005 vidimus
845 2949 978 3024 plurimas.

221 3035 280 3085 Jsm
298 3053 361 3087 vero
379 3033 444 3107 quid
459 3036 487 3086 iu
505 3033 558 3086 hoo
574 3033 717 3087 scribendo
735 3034 849 3106 prologo
869 3031 920 3088 tibi
939 3034 1110 3104 proposuerit
1130 3033 1233 3086 Persius

186 3114 275 3169 multis
284 3115 371 3168 modis
378 3115 518 3187 quesitum
528 3131 581 3181 est,
591 3129 617 3169 et
628 3115 813 3170 diversissimis
824 3115 984 3187 explisaturn
995 3115 1150 3168 rationibus.
1158 3115 1232 3184 Qua·

185 3215 244 3249 rum
256 3198 402 3269 praecipuas
413 3213 468 3248 nou
486 3214 595 3266 possunt
609 3215 665 3250 uon
680 3198 790 3251 referre.
803 3195 858 3248 Alii
867 3195 975 3269 quidam
990 3211 1112 3260 oensem,
1122 3208 1232 3249 auctore

185 3275 357 3330 celeberrimo
369 3274 457 3346 duffio
471 3276 593 3348 Dryades,
609 3277 689 3330 Persii
703 3289 818 3329 mentem
834 3277 933 3338 fuisso,
944 3289 975 3328 ut
985 3293 1084 3328 nomeu
1098 3275 1232 3330 conditio-

184 3357 364 3428 nemqueritte
373 3373 449 3410 suam
461 3373 508 3428 per
520 3355 662 3428 prologum
671 3355 862 3422 dissimularet,
872 3357 974 3428 quippe
983 3358 1029 3428 qui
1039 3369 1159 3429 tempora
1169 3375 1231 3409 uae·

185 3447 228 3488 tus
239 3449 308 3489 esset
317 3436 413 3488 infesta
422 3435 501 3490 bouis
513 3436 613 3489 artibus
625 3435 783 3490 severitati:
797 3435 859 3489 hine
873 3453 902 3488 sa
913 3434 1011 3488 dixisse
1019 3435 1214 3508 semipaqonum
1221 3477 1230 3502 ,

185 3533 266 3586 quum
274 3527 342 3568 esset
349 3515 468 3570 moribus
477 3529 503 3568 et
513 3518 620 3587 ingenio
628 3517 750 3588 poiitiom
760 3517 823 3568 hino
830 3535 858 3570 se
865 3515 936 3568 fama
944 3533 1021 3568 usum
1029 3514 1235 3586 essamoqistm,

186 3609 267 3662 quum
278 3592 374 3646 divitiis
391 3591 549 3648 abuudsret.
563 3594 616 3648 Alii
630 3613 706 3663 varo,
720 3597 789 3649 iuter
802 3613 872 3666 quos
886 3595 985 3648 amium
996 3605 1086 3646 noster
1100 3593 1227 3645 Curuio-

585 3751 828 3775 fflmuvwwb

219 3859 226 3882 ¹
237 3855 405 3923 lambiousqao
413 3860 505 3908 Persius
514 3859 588 3906 utitur
596 3861 620 3905 iu
629 3875 682 3921 pro-
727 3877 802 3922 ffoeeo
811 3859 935 3916 soesbulo,
945 3849 1150 3920 ndfmelsudioo.
1161 3855 1228 3900 ctsn-
1299 3859 1301 3868 “

183 3911 681 3991 isflououestoomnraoislsrubieus,quslis
727 3925 1227 3991 diestenimiussstopsdequinouestisru-

184 4001 219 4036 est
225 3993 362 4053 tragicorum
371 3997 550 4044 eomioommss.
558 3999 602 4044 trie
608 4013 681 4059 pseu-
727 3999 783 4054 bus,
795 4010 822 4045 ut
831 4001 856 4044 in
867 3997 966 4045 iambico
974 3995 1092 4058 perfeeto,
1101 3993 1142 4041 sed
1151 4008 1225 4056 spou-

184 4057 247 4106 lisris
256 4072 290 4108 rst
300 4065 403 4122 generis,
411 4077 557 4130 soesturqoe
566 4081 659 4122 meson,
668 4082 680 4113 s
727 4067 860 4116 deunvid.
868 4069 889 4113 J.
898 4067 925 4114 C.
933 4063 1015 4128 salig.
1024 4067 1081 4114 Post
1099 4061 1226 4127 [Metui.
