3052 4854
435 449 486 512 lu
510 447 722 512 sirmam
746 446 949 514 saturn.
1172 404 1214 518 aa
1291 434 1294 443 ’

172 591 234 624 oeus
244 589 305 624 vero
314 587 442 624 romanus
450 567 548 642 pedem
559 583 667 623 omnem
675 571 812 624 vestiebat.
826 571 942 643 crepida
951 585 1038 628 sutem
1047 577 1219 650 philosopho-

164 661 230 700 rum
242 650 318 719 quasi
329 651 443 722 propriae
453 661 539 716 eraut,
551 661 619 702 teste
627 648 727 715 Gellio,
737 649 811 717 XIII,
822 664 864 701 so.
876 647 960 703 Soleis
971 665 1017 704 aut
1024 655 1133 726 crepidis
1142 659 1181 708 uti
1190 659 1218 710 iu

170 725 281 798 publico
294 740 320 780 et
331 740 465 799 togatum,
477 746 572 800 parum
581 726 679 780 decens
689 741 716 780 et
724 726 866 780 honestum
875 727 922 780 diu
931 731 983 782 fuit
990 733 1079 784 Romae
1088 733 1217 788 habitum.

172 805 227 858 Cic.
240 805 335 877 Arusp.
349 808 428 876 Resp.
442 808 575 868 213Verr.
589 807 628 873 V,
640 807 689 867 33;
701 806 753 858 Pis.
765 804 797 868 6;
815 807 866 856 Tit.
885 807 942 859 Liv.
956 808 1082 877 xxxix,
1099 829 1137 880 ¹9·
1150 815 1218 868 Hinc

171 903 231 938 sess
239 903 366 958 maguum
373 888 459 939 sirum
469 884 596 938 credebat
605 885 788 957 ineptissimus
798 887 911 958 quisque
919 887 1143 959 Romanorumn
1152 896 1220 946 Gru·

172 983 262 1018 corum
272 967 300 1018 in
309 967 423 1040 crepidas
427 969 579 1038 jocaretur:
591 983 672 1038 mam
680 963 801 1038 putidam
810 967 952 1022 vanitatem
962 969 1105 1042 equalibus
1116 973 1170 1024 suis
1180 993 1222 1026 re-

173 1043 260 1097 tundit
269 1058 370 1099 auctor.
377 1045 555 1113 -Sordidus‚
563 1043 605 1098 vel
613 1044 817 1117 abiguorautis,
827 1044 869 1098 vel
877 1047 1146 1117 asordiiusvestium‚
1154 1069 1220 1123 quus

173 1118 283 1175 demum
293 1141 384 1176 rursus
396 1125 494 1176 Noster
504 1124 532 1174 in
544 1125 586 1176 111.

202 1276 263 1321 Vsu.
284 1273 335 1322 120.
348 1275 381 1322 Et
388 1273 449 1322 iusso
458 1277 499 1340 qui
507 1277 579 1338 possit
586 1275 671 1330 dicere,
685 1274 769 1321 Lusca.
781 1299 813 1311 -
825 1275 916 1337 Legum
924 1279 998 1339 poscit
1006 1293 1051 1339 pro
1059 1283 1223 1343 possitproha-

172 1345 253 1392 tissimi
260 1345 378 1392 editorum
385 1345 551 1402 Cassubunus'‚
560 1345 661 1392 Prataus
666 1377 674 1401 ,
680 1346 777 1407 Koeniffi
787 1361 834 1408 qua
843 1347 1053 1410 manuscriptorum
1061 1351 1135 1398 Codri.
1143 1366 1224 1402 aucto·

171 1417 251 1472 ritate,
259 1418 346 1464 nesuo.
355 1419 435 1479 Longe
442 1415 569 1479 simplicius
575 1416 669 1464 vitietur
677 1420 760 1478 possit,
769 1415 834 1480 quod
841 1417 914 1464 edunt
920 1420 966 1465 mci
973 1423 1125 1485 manuscripti
1131 1441 1221 1474 omnes.

208 1513 275 1564 Nur.
298 1512 354 1565 128.
369 1513 405 1565 Et
412 1509 480 1564 Iroco
486 1512 534 1585 qui
538 1513 820 1584 possitdicere‚Luscu.
830 1545 866 1556 —
877 1517 897 1566 F
899 1518 953 1568 atui
961 1515 1135 1574 cachinnouis
1144 1538 1221 1576 estac

172 1592 241 1646 male
251 1594 347 1644 morati
356 1592 472 1646 hominis
482 1595 546 1646 vitia
556 1593 733 1667 exprobrare,
741 1613 855 1666 quorum
866 1596 945 1667 culpa
954 1615 1039 1668 penes
1048 1616 1178 1656 naturam.
1186 1633 1224 1646 —

173 1673 271 1726 meur
279 1673 409 1745 significat
420 1677 534 1727 eumeni
545 1675 678 1728 imbecilla
687 1690 725 1728 est
736 1674 875 1729 oculorum
886 1680 970 1742 acies3
983 1683 1092 1751 ponitur
1099 1697 1125 1736 et
1131 1703 1182 1757 pro
1190 1705 1223 1740 eo

173 1755 219 1827 qui
229 1754 312 1808 altero
323 1755 401 1808 oculo
411 1770 504 1827 captus
513 1771 560 1809 est.
573 1755 741 1810 studentium
751 1775 782 1810 ac
794 1757 969 1812 litteratorum
977 1764 1054 1834 quasi
1063 1771 1174 1838 propria
1184 1783 1225 1823 est

171 1835 293 1890 Luscius.
305 1865 342 1877 -
355 1838 452 1905 Possit,
462 1839 526 1890 satis
537 1836 602 1890 mihi
614 1839 743 1910 exquisite
751 1836 856 1892 ridetur
867 1841 998 1913 positum,
1011 1846 1087 1916 qussi
1097 1844 1222 1902 dixisset:

172 1919 242 1989 cnjus
255 1917 459 1970 minutissimum
471 1919 604 1993 inperium
616 1919 652 1972 ad
663 1921 691 1972 id
700 1930 803 1972 tontum
815 1919 898 1990 vaiet,
912 1935 943 1975 ut
954 1923 1025 1978 dicat
1038 1926 1109 1980 lusco
1113 1967 1123 1995 ‚
1136 1929 1221 1983 Lusca.

203 2071 264 2117 Vsu.
285 2086 336 2131 ¹²9·
348 2073 401 2118 Sarc
411 2069 510 2136 oir'qrum
522 2075 628 2131 anderu,
638 2073 698 2120 Italo
707 2074 770 2138 quod
778 2073 860 2122 honore
869 2078 972 2139 supinus.
985 2101 1017 2112 -
1027 2077 1119 2138 Legunt
1129 2079 1223 2140 quidam

172 2155 220 2186 scre
230 2139 320 2204 sitonici
330 2141 436 2198 credens,
449 2142 514 2204 quod
525 2142 583 2188 ur'hii
593 2141 665 2190 habet
678 2143 703 2188 in
713 2144 964 2205 manuscriptis'codd.
979 2147 1134 2204 auctoritatis,
1148 2149 1224 2210 quod·

172 2227 219 2274 que
228 2211 325 2260 similius
332 2211 424 2260 Gallica
433 2213 544 2260 locutioni
551 2214 656 2270 videtur,
665 2230 735 2276 qttam
742 2216 837 2262 latinas.
846 2219 927 2261 Senes.
936 2215 966 2261 de
973 2217 1009 2262 ira
1016 2248 1023 2271 ,
1031 2218 1064 2262 111
1069 2250 1077 2271 ,
1086 2217 1128 2263 38:
1139 2240 1150 2260 ι
1157 2221 1224 2267 Nunc

171 2281 215 2329 iste
224 2281 323 2347 aliquam
334 2296 357 2327 se
367 2294 471 2345 putat...
482 2302 493 2324 r
503 2283 562 2329 Plin.
573 2284 633 2328 Min.
642 2285 664 2329 t.
677 2284 721 2345 Ep.
731 2299 797 2344 pane
807 2283 887 2338 ultima
896 2299 902 2329 :
915 2304 925 2324 ι
935 2287 1012 2345 Quum
1021 2285 1128 2334 tribunus
1137 2303 1223 2346 mem,

171 2355 296 2399 erraverim
307 2353 417 2408 sortasse,
430 2353 471 2414 qui
483 2367 521 2398 me
533 2367 582 2398 csse
595 2351 693 2416 alripuem
704 2355 784 2413 putavi
792 2387 797 2396 .
805 2387 810 2396 .
819 2387 825 2397 .
835 2388 839 2397 .
848 2373 859 2393 n

207 2449 273 2500 Nor.
297 2465 353 2516 ¹²9·
366 2447 423 2498 Sere
434 2446 550 2517 aliquem
563 2445 680 2508 credens,
697 2443 767 2496 Italo
784 2445 855 2516 quod
870 2446 966 2500 honore
981 2452 1097 2520 supinus.
1114 2481 1150 2492 -·-
1166 2455 1224 2508 Sese

171 2523 287 2598 aliquem
297 2526 407 2588 credens,
418 2541 455 2576 sc.
466 2523 581 2594 aliquem
591 2523 691 2584 virum3
701 2539 760 2575 sese
771 2521 863 2594 aliquo
870 2526 956 2595 pretio
966 2524 1076 2596 dignum
1083 2532 1222 2587 estimans.

171 2631 208 2643 —
220 2602 289 2656 ltaio
302 2603 413 2665 honore5
427 2619 483 2653 uon
495 2599 631 2665 Romano,
644 2599 689 2653 sed
701 2597 863 2671 municipali.
878 2603 1007 2655 Universa
1021 2604 1096 2657 Italia
1106 2609 1152 2676 jus
1165 2612 1223 2681 qui.

170 2682 231 2735 dem
248 2683 361 2734 civitatis
375 2679 421 2732 diu
434 2677 615 2733 desideratum
633 2681 766 2750 armisque
781 2680 896 2750 petitum
915 2679 1042 2750 paulatim
1057 2683 1221 2750 obtinuerat;

168 2780 261 2815 verum
276 2761 483 2832 municipiorum
497 2773 524 2812 ct
538 2757 705 2811 coloniarum
722 2758 889 2826 differentis,
902 2762 947 2830 jus
963 2779 1044 2831 porro
1062 2763 1130 2816 Latii
1142 2780 1221 2840 atqua

168 2843 303 2910 Italicum,
314 2829 450 2896 remansit.
465 2843 555 2894 Posuit
562 2841 661 2894 Noster
668 2838 810 2910 quemdam
817 2858 868 2892 uon
874 2843 935 2910 jure
944 2842 1101 2911 Quiritium,
1114 2847 1161 2898 sed
1172 2851 1222 2902 Ita-

169 2919 222 2974 lico
238 2923 407 2993 magistratu,
422 2938 479 2972 non
490 2921 579 2972 Romu
596 2933 686 2992 gesto,
701 2919 748 2972 sed
762 2920 849 2971 Arreti
863 2921 971 2972 Etruriae
983 2920 1127 2992 oppidulo,
1142 2927 1219 2978 infla-

168 3015 240 3064 tum;
257 3003 367 3055 stultitia
380 3003 464 3066 euim,
480 3019 539 3072 quur
550 3019 612 3052 cum
626 3002 700 3052 omni
710 3000 782 3052 fastu
795 3002 941 3070 conjuncta
955 3014 1011 3070 est,
1031 3005 1068 3055 rei
1089 3022 1143 3076 qua
1162 3009 1221 3079 quis

168 3080 288 3152 superbit
299 3081 426 3134 inanitate
437 3093 465 3133 et
476 3081 618 3151 exiguitate
631 3093 753 3151 augetur.
765 3107 801 3118 -
812 3079 943 3151 Supinum,
955 3077 1080 3149 ὅψιῦχιιν,
1093 3087 1175 3138 animi
1186 3089 1223 3141 ri.

168 3161 234 3212 tium
246 3160 363 3232 corporis
375 3157 470 3211 habitu
481 3156 607 3210 declarat.
618 3155 739 3210 Juvenal.
752 3159 778 3222 1,
791 3156 839 3218 66;
852 3155 900 3208 ubi
910 3157 1002 3210 fatuus
1014 3156 1189 3216 describitur:

367 3250 393 3291 Et
399 3246 496 3292 multum
503 3245 599 3290 referens
605 3246 633 3289 dc
639 3247 754 3290 Meaeuste
761 3247 847 3302 supino.
1206 3249 1213 3288 i

167 3322 279 3390 Quintil.
291 3321 338 3376 lib.
351 3323 404 3390 XI,
415 3341 474 3395 cap.
486 3323 518 3388 3,
530 3321 578 3374 uhi
589 3321 623 3373 de
636 3323 737 3394 capite:
754 3323 844 3374 «Nam
856 3333 883 3374 et
894 3320 1000 3392 dejecto
1013 3321 1125 3397 (capiti)
1136 3326 1220 3381 humi-

167 3401 242 3468 litas,
254 3417 280 3456 et
293 3405 385 3474 supino
399 3404 563 3476 arrogantia,
575 3404 641 3454 etin
653 3401 722 3454 latus
735 3400 862 3455 inclinato
874 3403 996 3475 languor,
1010 3417 1037 3456 et
1050 3406 1173 3476 praeduro
1187 3427 1218 3462 ac

168 3485 270 3556 rigente
283 3483 407 3537 barbaria
422 3483 543 3556 quaedam
556 3485 651 3536 mentis
667 3483 846 3537 ostenditur.»
861 3485 953 3537 Senec.
970 3483 1003 3538 de
1015 3488 1104 3538 Beuef.
1117 3489 1156 3540 112
1173 3494 1219 3545 «0

168 3562 292 3633 superbia
310 3581 412 3634 maguae
428 3564 558 3616 fortunae!
578 3581 595 3613 o
612 3561 796 3616 stultissimum
813 3562 928 3615 malum!
946 3563 1023 3616 Libet
1038 3566 1219 3637 interrogare,

169 3642 233 3716 quid
244 3656 381 3715 tantopere
396 3655 422 3696 te
436 3646 553 3718 supinat,
570 3641 634 3716 quid
649 3643 751 3696 vultum
767 3641 941 3715 habitumque
956 3646 1008 3696 oris
1023 3656 1172 3714 pervertat,
1188 3659 1219 3697 ut

168 3721 247 3775 malis
257 3721 357 3778 habers
368 3743 526 3797 personam,
539 3742 619 3797 quam
631 3725 754 3776 faciem.-

200 3863 262 3908 Vsu.
283 3863 333 3910 130.
350 3865 451 3930 Freqerr't
465 3865 565 3912 heminas
576 3867 655 3912 Ama
669 3863 740 3912 sedilis
756 3867 852 3928 r'rriquas.
864 3887 896 3901 -
905 3865 1001 3924 Legitur
1014 3864 1038 3908 in
1054 3863 1217 3923 manuscriptis

168 3931 289 3979 nonnuliis
298 3933 392 3980 Emissos
404 3947 428 3981 et
436 3937 513 3994 Arcti,
525 3936 623 3998 demptis
638 3933 688 3979 irin
702 3935 794 3996 priore,
807 3935 831 3978 in
842 3936 970 3996 posteriore
982 3947 1001 3976 r.
1012 3932 1122 3976 Hemirms
1135 3935 1216 3992 posui,

168 4003 234 4064 quod
247 4001 357 4066 analogiae
369 4021 448 4068 grace
461 4010 534 4069 magis
546 4008 664 4054 convenit.
679 4006 769 4052 Dicitur
783 4005 879 4052 enimin
889 4019 963 4065 parco
971 3998 1041 4062 ipseo
1055 4017 1099 4064 per
1111 3995 1136 4057 ri,
1152 4005 1216 4065 quod

168 4087 234 4137 arque
246 4075 306 4123 salet
318 4091 345 4122 ac
357 4076 391 4123 ire.
406 4080 485 4126 Ama
497 4079 589 4141 pretuli
602 4089 701 4142 propter
713 4078 788 4139 legem
800 4091 891 4132 versum
906 4073 974 4121 simul
982 4075 1036 4136 quis
1046 4075 1145 4121 recurrit
1153 4077 1217 4137 apud

167 4153 281 4214 Tullium,
290 4173 335 4220 pro
344 4157 463 4213 Muraena,
473 4161 554 4216 XXIV,
567 4180 577 4200 ι
589 4196 607 4206 ..
617 4159 765 4206 ¹colonorum
776 4158 958 4204 Arretinorum..
968 4189 972 4200 .
984 4175 998 4222 ιι

259 4239 324 4304 III.
1052 4238 1068 4302 5
