3052 4854
459 390 505 452 IN
529 386 745 454 SATIRAM
768 387 973 456 PRIMAM.
1196 395 1239 464 63

184 514 305 569 trahitur
313 513 349 567 ed
359 515 504 568 Neronem.
518 514 610 566 Manet
617 515 722 567 Persius
733 514 761 566 in
771 512 958 582 similitudine3
971 535 1025 589 qna
1036 523 1116 574 tacite
1127 512 1242 592 indicat,

191 614 249 666 quae
260 613 316 646 non
327 595 414 666 possit
425 607 518 665 aperte
529 593 657 665 profiteri.
672 594 745 646 Loco
759 595 830 646 enim
844 612 936 648 earum
950 615 1038 650 rerum
1048 619 1113 672 quas
1124 601 1188 655 velit
1200 622 1242 656 re.

121 707 124 714 ·
191 686 293 746 tegere,
306 675 385 746 ponit
399 690 431 726 ea
444 690 504 745 que
517 671 595 724 Midas
608 685 701 726 tonsor
715 684 853 726 retexerat.

225 783 293 836 Nor.
316 799 374 849 tar,
385 799 443 835 rsa.
454 781 512 833 Hoc
523 799 570 856 eqo
578 794 712 852 opertum,
724 781 773 834 loc
782 783 864 834 ridere
871 793 1036 849 meum,tam
1046 785 1099 854 nil,
1108 786 1186 840 nulla
1196 792 1242 844 tibi

190 865 273 916 vendo
280 863 414 915 Iliade-
422 861 545 932 opertum
550 863 630 934 ,·quia
637 864 664 914 in
672 861 724 914 hac
732 863 961 935 satira,tanquem
968 864 997 915 in
1004 864 1108 932 scrobe,
1116 870 1243 923 estinfos·

190 961 257 996 sum.
268 973 304 983 -
314 943 373 996 Hoc
384 942 468 995 ridere
478 961 567 994 mcum
573 964 582 1004 ,·
596 942 721 995 solemnis
733 940 806 1014 apud
816 944 934 994 Persium
946 941 1047 996 locutio
1058 965 1064 996 ε
1076 946 1140 997 scire
1152 957 1241 1018 tuum,

189 1035 305 1076 nostnsm
318 1021 414 1087 viver-e,
427 1031 496 1072 etc...
507 1049 543 1058 -
555 1030 609 1071 tam
622 1018 676 1082 rut,-
690 1019 776 1072 velex
788 1023 915 1091 opinione
926 1020 1000 1093 vulgi
1013 1021 1063 1094 (cf.
1076 1042 1100 1074 v.
1115 1024 1145 1096 a)
1157 1025 1198 1076 vel
1210 1044 1242 1080 ex

188 1103 246 1174 ipsa
261 1101 376 1153 auctoris
391 1101 525 1173 opinione.
540 1103 599 1151 Vox
614 1112 653 1152 est
667 1101 757 1152 iconie
771 1113 818 1152 aut
831 1100 974 1154 modestiae.
989 1129 1026 1140 -
1038 1100 1123 1155 Nulla
1139 1103 1241 1166 Iliade,-

189 1178 344 1233 scilicetilla
354 1192 394 1232 est
402 1179 478 1246 Ilias,
487 1198 568 1251 quam
580 1181 703 1252 superius
712 1183 769 1250 jam
781 1182 867 1251 tetigit
877 1181 912 1232 ad
922 1199 1026 1232 versum
1037 1181 1086 1234 502
1103 1183 1186 1235 «Non
1197 1183 1242 1236 hic

186 1277 230 1316 est
246 1261 311 1314 Ilias
327 1262 391 1314 Atti.
399 1284 414 1308 s
433 1261 482 1312 flio
496 1278 559 1312 vero
579 1278 611 1313 eo
630 1259 735 1314 felicior
753 1275 792 1314 est
810 1261 923 1328 allusio,
941 1261 1013 1334 quod
1026 1264 1055 1316 in
1070 1263 1242 1334 proverbium

189 1341 285 1396 abiisse
298 1342 420 1394 rideatur
430 1339 503 1413 apud
517 1341 641 1412 antiquos
654 1340 827 1395 celeberrima
841 1342 901 1396 llias
912 1345 1035 1411 Homeri,
1050 1363 1109 1418 que
1121 1364 1171 1418 pro
1183 1349 1242 1420 ipsa

187 1425 351 1495 perfectione
364 1434 573 1494 nuncuparetur.
696 1421 697 1424 ’

221 1531 290 1584 Nor.
312 1528 378 1596 ta'3,
390 1529 448 1596 124.
458 1527 563 1580 Audaci
571 1528 729 1601 quicumque
738 1526 831 1606 afflata
839 1528 959 1597 Cratino,
968 1529 1072 1582 Iratum
1079 1523 1240 1605 Eupolidem

185 1610 335 1686 proeqrandi
345 1627 404 1662 cum
413 1627 473 1662 sene
481 1605 574 1682 palles.
584 1637 620 1648 —
628 1611 689 1660 Jam
701 1627 772 1660 nunc
785 1628 853 1682 quos
864 1609 964 1662 habere
977 1609 1028 1662 sibi
1040 1611 1103 1664 velit
1112 1613 1241 1684 lectores,

187 1691 294 1746 indicat.
307 1693 440 1743 Nimirum
452 1692 545 1743 invitat
556 1689 591 1741 ad
601 1688 685 1742 libelli
701 1689 843 1743 lectionem
856 1708 949 1743 omnes
963 1693 1018 1743 veri
1032 1707 1164 1762 amantes,
1181 1715 1240 1747 om-

185 1792 234 1826 nes
245 1773 351 1844 optimis
360 1790 506 1842 graecorum
517 1770 643 1841 operibus
653 1785 788 1836 assuetos;
798 1773 820 1826 ai
830 1774 888 1843 quis
895 1790 960 1824 vero
968 1785 1022 1839 est,
1031 1775 1075 1825 cui
1083 1763 1160 1826 isone
1170 1789 1240 1830 artes
1279 1791 1283 1803 ¹

187 1853 240 1903 sint
251 1851 428 1920 contemptui,
443 1865 544 1920 procax
556 1861 582 1900 et
593 1850 713 1918 ignarus,
729 1848 801 1901 hunc
814 1863 920 1903 amovet
931 1869 962 1902 ac
974 1849 1086 1924 repellit.
1098 1855 1241 1906 Poetarum

185 1946 347 2000 graecorum,
361 1944 429 1998 quos
444 1927 472 1979 in
484 1925 634 1999 qnempiam
646 1929 725 1982 affert
737 1931 855 1996 Persius,
868 1932 905 1982 sic
918 1929 1043 1982 Horatius
1054 1933 1174 1984 meminit
1185 1931 1238 1984 Sat.

186 2009 212 2076 l,
224 2007 256 2075 ‘lt
268 2024 278 2059 ¹
291 2025 365 2078 s‘lq'¹
387 2087 561 2142 &polluatque
571 2082 986 2143 Cratinumdft'slssPlu'w'iu‘l’moe'

387 2149 617 2208 ltquealii‚quorum
624 2150 916 2206 conadiapriscarirornm
923 2162 968 2205 est,

387 2216 603 2274 Siquieeratdiqnus
610 2215 782 2272 &zenonquod
790 2215 972 2270 malus,autiur,

387 2285 451 2346 Quod
460 2284 557 2328 moschus
565 2283 634 2336 foret,
641 2293 680 2326 aut
686 2282 777 2327 sicarius
783 2317 789 2336 ‚
796 2294 834 2327 aut
841 2283 923 2341 alioqui

388 2354 504 2402 Pamosua,
511 2352 582 2393 multa
589 2363 638 2393 eran
646 2349 748 2392 libertate
756 2351 869 2393 notabam.

188 2427 261 2481 ldem
273 2429 300 2479 in
312 2440 378 2494 arte,
390 2426 439 2478 281
453 2438 480 2477 et
490 2443 547 2496 sqq.
557 2443 564 2475 r

388 2511 493 2555 succeseit
500 2518 563 2554 venre
569 2509 603 2553 his
610 2509 715 2554 comedia
721 2541 729 2560 ,
736 2523 782 2553 non
789 2509 835 2554 sine
844 2509 914 2554 mttlta

387 2575 633 2632 laudc3sedinritium
640 2575 729 2620 libertas
735 2575 815 2620 excidit
822 2585 844 2620 et
851 2575 895 2620 rim

387 2642 594 2701 Diqnamleqcreqi.

186 2721 348 2777 Eorumdem
364 2738 438 2772 nunc
452 2721 586 2787 virorum,
598 2718 771 2792 ejusdemque
783 2719 912 2774 libertatis
923 2721 1042 2776 meminit
1052 2727 1164 2780 Persius.
1178 2729 1237 2782 An·-

184 2803 338 2876 stoplranem
355 2799 474 2872 designat
489 2798 531 2851 his
545 2799 631 2853 verbis
645 2801 796 2875 proeqrandi
812 2821 871 2853 cum
886 2820 959 2870 sene,
973 2821 1063 2875 neque
1074 2824 1105 2857 ex
1120 2826 1152 2858 eo
1167 2809 1238 2881 qnod

184 2882 228 2934 ille
241 2881 275 2934 ad
289 2879 516 2953 provectissimam
532 2881 680 2951 pervenerit
696 2893 812 2948 aetatem,
826 2883 873 2953 qui
889 2880 1008 2934 Lucieno
1022 2885 1092 2936 iuter
1104 2885 1237 2958 longaevos

185 2976 278 3036 poetas
292 2981 348 3014 non
362 2973 541 3026 recenseatur,
554 2960 618 3012 dum
636 2961 757 3014 Cratinus
776 2974 1056 3036 memoretur3neque
1073 2985 1152 3020 exeo
1169 2982 1237 3022 tem·

183 3063 251 3117 pore
265 3063 320 3116 quo
331 3044 423 3094 vixerit
436 3041 644 3114 Aristophanes,
660 3044 705 3112 qui
717 3043 798 3095 fuerit
809 3042 915 3115 aequalis
931 3045 1037 3099 Cratino
1051 3059 1078 3098 et
1088 3048 1236 3120 Eupolidi,·

184 3145 275 3178 rerum
290 3142 365 3177 exeo
378 3121 512 3175 comoediae
524 3141 621 3193 genere
633 3141 714 3195 quam
732 3125 852 3195 scripsit,
864 3143 921 3195 quse
931 3122 1117 3199 diciterprisea
1129 3141 1238 3187 etvetus

184 3202 315 3257 comoedia
328 3204 448 3254 Horatio.
460 3201 666 3272 Distinguuntur
677 3204 747 3254 enim
759 3215 812 3256 tres
826 3203 961 3256 comoediae
973 3206 1047 3277 apud
1057 3207 1160 3262 Atticos
1172 3225 1236 3265 teta-

184 3300 237 3353 tee,
250 3273 341 3350 vetus,
356 3282 457 3349 medis,
474 3301 551 3334 nova.
567 3283 634 3335 ilinc
647 3295 754 3355 poetas,
772 3285 819 3354 qui
833 3284 946 3357 priscam
958 3287 1123 3357 scripserunt
1134 3309 1236 3344 oomoe-

184 3363 269 3431 diam,
281 3365 384 3416 Persius
398 3374 477 3414 vocat
490 3378 540 3432 per
553 3361 736 3432 metaphoram
754 3379 840 3428 senes,
859 3362 1120 3438 Aristophanemque
1138 3366 1235 3422 horum

183 3441 261 3515 longe
275 3441 490 3509 celeberrimum,
502 3441 683 3514 proeqrundem
694 3460 790 3494 mnem.
804 3471 840 3482 -
852 3442 957 3496 Audaci
972 3445 1129 3521 quicumque
1141 3448 1235 3525 afflare

185 3525 297 3576 Cratino.
310 3525 407 3576 Audax
420 3523 524 3575 Horatii
537 3522 604 3576 locis
619 3525 676 3593 jam
690 3524 734 3576 cit.
755 3526 819 3576 satie
831 3524 986 3598 explicatur.
1003 3527 1135 3595 Cratinus,
1151 3548 1235 3600 quum

182 3603 300 3657 fabulam
312 3603 437 3658 edidisset
451 3603 592 3676 (Baptae),
604 3604 639 3656 ab
650 3606 682 3656 iis
692 3605 720 3656 in
732 3622 800 3675 quos
812 3607 932 3658 invectus
943 3607 1043 3673 fuerat,
1056 3621 1164 3679 captus,
1175 3611 1235 3663 vin-

183 3695 241 3734 ctus
255 3698 281 3733 et
294 3685 321 3735 in
336 3702 408 3735 mare
423 3685 572 3756 projectus,
585 3682 702 3734 audacia
715 3701 768 3735 suar
785 3700 876 3754 poenas
888 3682 971 3735 dedit.
988 3686 1049 3737 uec
1068 3685 1233 3755 scalig.v11‚

187 3777 209 3811 r.
221 3761 294 3812 Poet.
305 3760 356 3814 Alii
367 3780 422 3813 non
433 3762 552 3825 Cratino,
562 3759 609 3813 sed
618 3760 909 3832 Eupolidiremdicunt
918 3760 1054 3814 accidisse.
1065 3763 1167 3839 Afflate
1178 3768 1234 3835 qui·

183 3857 304 3909 cumque,
320 3860 336 3892 o
351 3854 380 3892 tu
393 3842 554 3912 quicumque
569 3840 618 3906 sis,
634 3841 681 3910 qui
695 3840 802 3892 afflatus
817 3858 846 3892 es
860 3859 875 3892 a
891 3842 1012 3903 Cratino,·
1026 3843 1053 3893 in
1069 3859 1147 3911 quem
1159 3843 1233 3914 inge-

182 3919 256 3970 nium
275 3918 374 3970 Cratini
393 3921 468 3992 quasi
487 3919 608 3985 trenaiit,
626 3932 655 3970 ut
674 3938 760 3972 mores
777 3937 873 3991 pravos
887 3918 1079 3991 stultitiamque
1093 3918 1233 3976 hominum

183 3997 310 4069 carpendi
324 3998 411 4051 studio
427 4000 542 4052 ducaris.
554 4001 701 4052 -Iratum
717 3999 875 4072 Eupolidem
881 4023 890 4062 ,·
909 4013 988 4053 vocat
1006 4000 1131 4054 audacem
1147 4003 1232 4056 Crati-

184 4096 262 4146 num,
279 4078 427 4151 irutumque
441 4080 593 4153 simpliciter
608 4078 781 4152 Eupolidem,
796 4099 828 4132 eo
846 4079 918 4151 quod
935 4079 1017 4152 paulo
1034 4079 1166 4133 remissior
1180 4083 1233 4136 init
