3052 4854
415 393 464 458 IN
489 391 701 457 ss'rlnsM
725 391 997 459 SECUNDAM.
1187 395 1229 462 85

183 521 221 574 tili
236 519 302 574 mihi
318 520 490 592 interpretari
505 516 638 582 videntur,
657 519 704 589 qui
722 519 864 570 ministrum
882 516 935 570 diei
950 519 1043 574 volunt
1059 522 1093 575 ud
1109 524 1234 599 impium,

184 600 257 672 quod
267 599 379 657 tttipinto
393 616 517 650 curarum
531 597 555 648 ei
568 597 601 650 sit
612 599 644 650 de
654 599 720 650 Jove
733 598 854 670 cogitare.

218 713 285 764 nm.
302 708 1235 787 18.DeJovequidsentisiestneutproeponereoures....-Deiovequid

183 791 277 844 sentis?
285 789 371 856 Idem,
382 808 413 842 ac
424 791 446 842 si
457 788 579 840 dixisset:
593 789 685 863 quanti
694 790 786 841 Jouem
796 789 983 863 estimastquo
991 789 1047 842 ioco
1058 791 1134 844 iilum
1143 795 1235 846 habes?

150 891 153 900 ’
184 871 256 941 Saepe
266 872 360 942 sepius
371 872 441 922 enim
450 870 545 920 sentire
554 867 625 921 idem
635 868 718 935 velet,
729 888 760 920 uo
767 868 906 934 estimare,
913 869 1138 940 faeere.-·Esttte
1142 893 1151 933 ,·
1163 872 1235 923 scili·

184 962 226 1001 oet
238 963 306 1004 estne
316 950 383 1001 tenti
393 949 439 1001 tibi
445 949 526 1021 pretii
535 949 649 1020 Jupiter,
660 959 718 1000 ut...
730 948 773 1000 rel
784 959 854 1002 estne
864 949 912 1000 tibi
922 947 1002 1017 iocus,
1012 952 1080 1002 unde
1089 968 1173 1016 curet,
1185 964 1235 1002 eto.

184 1057 220 1069 -
228 1031 303 1082 Cures
309 1047 460 1104 preponere
467 1027 613 1100 elegantius
621 1030 752 1100 positum,
762 1046 842 1099 quom
852 1029 873 1080 si
883 1029 1039 1100 simpliciter
1047 1029 1237 1082 dixissetunto·

182 1127 273 1180 portat.
289 1111 396 1164 Summe
408 1113 479 1164 inest
492 1109 555 1162 huic
567 1108 629 1161 loeo
641 1110 679 1162 ris
694 1110 794 1161 ironite.

215 1299 268 1344 Vsu
297 1313 332 1360 ¹9.
347 1299 416 1345 Hune
427 1300 517 1346 ctttitum
527 1300 618 1344 ottittnm
631 1301 665 1344 tris
676 1299 740 1346 Staio
750 1288 877 1346 ott'teilieet
891 1298 973 1346 hares.
984 1323 1013 1336 -·
1024 1299 1061 1346 stc
1076 1299 1148 1346 edunt
1162 1299 1239 1348 MMS.

184 1369 275 1417 codices
285 1371 383 1416 omnino
392 1384 487 1428 omnes,
497 1371 542 1416 niti
551 1369 616 1433 qnod
625 1371 650 1416 in
659 1369 799 1433 quibusdem
809 1372 909 1417 recurrit
916 1371 1005 1435 Stopio,
1016 1368 1183 1432 quodridetur
1190 1389 1241 1422 cor-

184 1451 279 1502 ruptum
289 1455 333 1502 pro
344 1441 422 1501 Stoyo.
436 1443 494 1502 Qnte
508 1443 538 1487 tit
551 1442 711 1501 interpunctio
721 1441 840 1504 disputent
850 1443 999 1504 interpretes.
1013 1442 1104 1502 Legunt
1116 1443 1238 1492 nonnulli:

184 1513 253 1558 Hune
262 1513 573 1577 eut'tptomi-ouinomi-
582 1516 615 1558 vis
625 1514 715 1559 Stut'oi.
723 1547 729 1559 .
738 1547 743 1558 .
752 1529 783 1558 uu
791 1511 876 1559 teilt'eet
885 1511 965 1559 itoeret.
976 1511 1023 1558 Sed
1030 1511 1155 1560 lectionem
1163 1513 1239 1574 iliam,

184 1583 289 1646 alioquin
305 1595 423 1646 apertum,
441 1583 592 1647 rejiciendum
606 1595 686 1630 tentet
700 1583 864 1638 Costubonut,
882 1584 922 1645 qui
935 1585 1000 1645 print
1012 1582 1150 1641 admiserat,
1162 1599 1241 1634 motus

184 1667 269 1717 nempe
279 1656 417 1702 anctoritate
427 1657 503 1702 MMS.
516 1655 557 1718 qui
569 1657 720 1702 consentiunt
731 1657 755 1702 in
767 1653 877 1702 edendo:
892 1657 983 1701 cuinam
994 1657 1095 1702 cuinam.
1109 1657 1242 1704 Potuerunt

183 1726 236 1774 eiii:
248 1728 327 1773 Hune.
336 1760 342 1772 .
350 1761 369 1772 ..
381 1753 414 1764 -
422 1729 530 1774 cuinam?
540 1753 573 1766 -
583 1731 675 1774 curnam
685 1729 735 1774 vis?
747 1729 837 1774 Stoioi.
845 1761 866 1773 ..
878 1745 909 1772 ott
919 1725 1006 1774 scilicet
1017 1725 1098 1772 hoeret.
1112 1727 1157 1774 Alii
1167 1746 1239 1777 vero:

183 1797 281 1844 Hunni.
290 1831 308 1845 ..
319 1821 351 1834 -·
362 1799 468 1846 tuntum?
479 1800 596 1846 cumomi.
605 1832 611 1844 .
619 1833 625 1844 .
633 1823 666 1834 -
674 1801 708 1843 nt't
720 1797 800 1844 Staio?
810 1813 841 1842 ott
851 1795 937 1844 utun
949 1795 1029 1844 iteret.
1049 1797 1184 1846 Lentonem
1196 1817 1241 1863 ego

183 1868 287 1931 pretuli,
301 1871 326 1916 in
334 1885 379 1933 qus
390 1871 541 1917 consentiunt
549 1871 625 1916 MMS.
638 1885 720 1917 omnes
732 1870 896 1932 editorumque
905 1868 1069 1926 laudatissimi,
1079 1884 1178 1932 qunque
1188 1887 1242 1919 ten·

183 1955 235 1986 tum
245 1939 317 1987 habet
326 1941 495 2004 apertissimum
504 1955 510 1986 t
523 1941 622 1988 Hunni.
631 1963 692 1986 ..-
700 1941 820 1988 tumomi.
829 1976 834 1986 .
844 1974 849 1986 .
860 1965 893 1976 —
901 1943 990 1986 cuinam
997 1941 1021 1985 ?.
1030 1973 1035 1984 .
1044 1974 1049 1985 .
1062 1944 1096 1986 vt's
1105 1941 1183 1987 Staio?
1195 1943 1241 1988 ne-

183 2008 248 2073 liqnt
261 2027 316 2058 reru
328 2025 408 2058 versut
422 2011 566 2059 verbannus
580 2013 684 2058 omnium
700 2012 771 2060 Persii
785 2012 919 2060 aduersario
933 2009 1059 2058 tribuenda
1071 2028 1171 2069 censeo,
1186 2014 1241 2076 quie

184 2081 217 2127 tin
225 2081 298 2144 ptulo
304 2083 396 2146 longius
402 2084 541 2146 producitur
551 2083 714 2146 dialogismus,
725 2085 813 2147 quirit
821 2100 870 2130 nna
877 2100 935 2130 vore
945 2085 1023 2146 potuit
1032 2085 1161 2140 contineri;
1173 2085 1242 2132 titnnl

183 2157 238 2217 quit
251 2158 351 2203 recurrit
363 2157 422 2204 inire
435 2155 476 2203 hoo
487 2159 565 2222 igitur,
577 2174 630 2220 qun
641 2157 713 2204 rerba
725 2157 807 2204 melius
815 2158 946 2219 jungentur
956 2173 1010 2204 cum
1021 2157 1098 2204 verbis
1109 2159 1242 2206 confitentis

184 2225 321 2283 tdrertsrii,
334 2244 405 2291 qnntn
414 2245 468 2274 oum
477 2228 555 2275 verbis
567 2229 639 2290 ipsius
652 2228 732 2275 Persii.
748 2272 750 2281 Α

220 2335 290 2388 Nor.
305 2353 345 2405 19.
358 2337 486 2390 Hunni...
497 2365 530 2377 -
542 2339 705 2389 cuinumi-
712 2337 844 2394 cuiuumi.
854 2374 874 2386 ..
891 2337 928 2389 vit
941 2335 1076 2389 Suior-
1085 2334 1179 2400 Hune,
1195 2337 1241 2387 Jo-

185 2431 244 2466 tem
257 2431 354 2484 nempe
366 2415 499 2486 optimum
510 2413 864 2485 maximum-Appellatus
876 2414 936 2481 ille,
948 2417 1056 2484 ignarus
1069 2431 1123 2483 quo
1135 2415 1241 2466 Persius

187 2489 295 2557 tendat,
309 2491 377 2544 scire
389 2492 466 2562 cupit
477 2491 541 2562 qnid
555 2491 635 2558 velit,
651 2509 853 2562 sermonemque
865 2493 997 2564 arripiens
1008 2492 1066 2562 ipse
1078 2493 1240 2562 interrogat:

188 2569 313 2622 cesinam?
323 2595 360 2608 -·
372 2568 437 2634 Vis,
448 2567 561 2622 subaud.
574 2582 739 2642 anteponere.
751 2595 788 2611 --
798 2570 890 2634 Stoio‚·
900 2589 999 2624 nomen
1009 2570 1113 2638 fictum,
1127 2573 1163 2623 sit
1175 2573 1242 2624 Cor-

187 2661 282 2715 nutus,
294 2645 436 2718 quomodo
444 2665 525 2718 supro
536 2649 633 2709 ΙΝεήος
645 2665 679 2700 sn
690 2646 741 2703 fuit
750 2648 799 2700 ists
810 2647 898 2700 Staius
907 2651 1028 2702 famosus
1041 2653 1097 2720 ejus
1109 2653 1191 2704 aetstis
1200 2654 1241 2722 ju·

187 2725 247 2780 det.
260 2729 298 2780 Ex
309 2725 421 2780 historin
432 2727 605 2778 famosissimi
612 2724 709 2794 judicii
718 2725 827 2780 Junissi
840 2726 913 2797 (Cic.
922 2727 1028 2781 Cluent.
1043 2727 1088 2794 243
1105 2731 1176 2782 Brut.
1192 2730 1240 2794 683

187 2808 264 2860 Verr.
273 2807 362 2879 11‚32)
376 2819 527 2860 mutuatum
541 2823 599 2859 etse
612 2805 731 2858 Persium
740 2806 809 2858 Staii
816 2823 913 2860 nomen
924 2807 1041 2860 indicere
1051 2808 1156 2861 ridetur
1166 2810 1244 2862 scho-

188 2886 293 2957 lieston,
306 2890 382 2960 cujus
394 2888 475 2942 verbs
485 2886 513 2940 h.
526 2887 544 2938 1.
558 2899 686 2959 corrupta
703 2901 729 2938 et
744 2885 866 2939 mutilate
880 2901 956 2949 sunu
971 2887 1202 2962 Cssanbonntqne
1217 2905 1243 2944 et

189 2971 264 3024 multi
279 2969 324 3023 olii
336 2989 398 3023 eum
409 2971 494 3023 secuti
505 2980 577 3023 sunt.
586 2971 685 3021 Verum
699 2966 773 3038 opud
784 2969 940 3022 Ciceronem
952 2981 992 3022 est
1008 2971 1034 3022 C.
1047 2971 1183 3033 Staienus,
1196 2985 1243 3025 aut

188 3050 322 3117 Staienus,
336 3063 366 3104 ιιι
376 3037 422 3102 elii
434 3049 536 3122 iegnnt;
552 3048 624 3122 quod
637 3066 736 3100 nomen
748 3047 827 3118 longe
839 3047 913 3100 eliud
927 3063 968 3102 est
980 3067 1011 3102 ne
1023 3067 1120 3103 nomen
1131 3052 1228 3108 Statu.

219 3238 281 3285 Vn.
302 3251 342 3301 19,
357 3251 395 3284 to.
411 3240 449 3284 Art
462 3237 549 3285 seilicet
562 3239 645 3292 doeres,
658 3237 716 3296 Quis
728 3239 805 3299 potior
811 3237 887 3302 judex
898 3239 1003 3299 puerisue
1015 3239 1067 3300 quis
1079 3239 1156 3301 optior
1167 3237 1243 3285 otiis?

190 3335 220 3349 -
235 3312 311 3357 :limo
326 3312 359 3358 itt
373 3325 422 3356 uno
435 3311 518 3372 spiritu
531 3310 704 3363 continuanda,
719 3309 752 3355 eit
768 3308 935 3365 Ceseubonut,
950 3307 1041 3354 sublttt
1054 3309 1243 3371 interrogationis

189 3395 257 3438 nott,
268 3397 321 3446 que
330 3380 399 3444 tnigo
408 3383 504 3444 ponitur
513 3393 567 3442 post
576 3379 655 3426 iares.
664 3399 675 3420 ι
686 3379 739 3425 ΡΙιιι
749 3379 811 3425 enim
820 3376 892 3426 hebet
901 3379 1044 3425 constructio
1053 3379 1163 3426 tentetis.

224 3491 293 3543 Nor.
309 3507 354 3561 19,
368 3507 409 3542 to.
425 3489 468 3541 Au
482 3489 580 3542 scilicet
591 3489 684 3554 heres,
698 3489 760 3558 Quis
769 3488 858 3558 potior
860 3487 945 3561 judex
956 3489 1076 3561 puerisve
1089 3489 1146 3560 gnis
1156 3487 1244 3559 aptior

191 3569 423 3638 orditi-Qusrta
434 3585 495 3641 pars
508 3580 547 3621 est
557 3567 720 3638 dialogum,
733 3569 872 3639 responsio
884 3567 918 3619 ad
931 3567 1177 3638 interrogationem,
1188 3583 1243 3636 que

192 3649 291 3718 Staius,
301 3651 423 3722 judicum
431 3651 658 3721 corruptissimus,
668 3661 693 3700 et
703 3666 845 3721 puerorum
861 3647 987 3700 orborum
999 3648 1095 3720 pestis,
1108 3665 1168 3699 cum
1178 3647 1243 3697 Jove

193 3745 378 3802 componatur.
393 3762 429 3772 -
443 3732 564 3784 Puerisue
579 3731 636 3804 quit
652 3731 741 3802 optior
751 3731 830 3794 ordis,
847 3731 956 3800 respicit
973 3729 1087 3780 fortasse
1101 3725 1147 3778 ills
1161 3744 1243 3797 supe-

191 3811 277 3864 riora:
293 3811 478 3884 «Pupillumre
488 3813 606 3877 utinam,
617 3828 698 3881 quem
709 3812 859 3881 proximos,
872 3824 972 3862 ete...»

227 3925 295 3976 Nor.
311 3939 352 3978 nt.
366 3923 426 3977 Hoc
438 3925 526 3998 igitur,
539 3941 590 3996 quo
604 3933 633 3976 tu
643 3924 715 3976 Jouit
727 3941 816 3976 aurem
826 3921 961 3994 impellere
971 3917 1182 3984 mutnet-Hoc,
1193 3936 1243 3971 to·

192 4016 249 4054 tum
263 4000 371 4054 sufficet.
383 4031 419 4042 -
430 4003 528 4074 Igitur,·
545 4003 672 4073 quoniam
687 4003 723 4054 itu
737 4001 832 4067 sentis,
849 4001 975 4072 quonism
991 3999 1086 4050 Jouem
1106 3993 1242 4067 eliquanto

193 4081 326 4152 potiorem
341 4080 414 4132 Staio
430 4092 518 4153 putas.
530 4111 566 4122 -
576 4079 674 4132 Aurem
692 4079 839 4152 impetiere5
853 4078 952 4130 dieitur
966 4075 1045 4146 vulgo
1062 4072 1096 4125 de
1111 4091 1192 4140 tono,
1209 4073 1243 4126 de
