3052 4854
297 357 338 440 74
609 357 647 418 A.
674 353 833 422 rursu
858 355 1028 423 rnncor

294 485 452 547 Annnere
463 478 515 547 bis
527 480 672 572 Superos
683 497 837 566 vetuere,
849 485 1037 577 lovemque
1051 501 1239 554 morantur.

337 595 421 657 Rem
432 606 563 660 struere
574 607 713 684 exoptes
725 615 813 660 caeso
824 592 925 676 bove,
939 598 1215 690 Mercuriumque

288 705 436 770 Arcessis
450 701 555 771 fibra:
571 708 623 772 Da
634 702 808 772 lortunnre
818 713 977 798 penates!
1044 721 1048 730 '
1313 727 1352 794 45

287 819 337 882 Da
348 837 468 908 pecus,
481 833 515 886 et
527 816 684 909 gregibus
696 817 829 886 foetumt
845 842 929 913 quo,
942 821 1104 911 pessime,
1115 835 1237 912 pecto,

286 928 353 993 Tot
363 927 423 994 tibi
433 952 541 1023 quum
552 931 588 996 in
599 925 746 998 flammis
755 925 912 1022 junicum
924 944 1062 999 omenta
1072 928 1284 1024 liquescent?

284 1041 328 1104 Et
338 1054 452 1107 tamen
463 1039 523 1106 hie
531 1042 616 1107 extis
628 1055 662 1108 et
673 1042 787 1132 opimo
798 1042 934 1110 vincere
946 1041 1032 1108 ferto

285 1149 453 1217 Intendit:
463 1147 535 1242 jam
547 1153 667 1218 crescit
677 1175 772 1244 eger,
782 1148 854 1243 jam
866 1154 987 1220 crescit
997 1149 1101 1234 ovile,

283 1261 358 1324 Jam
372 1256 522 1341 dabitur,
532 1255 604 1350 jein
611 1255 700 1350 jem.
710 1311 717 1325 .
727 1311 752 1328 ..
766 1257 876 1327 donec
887 1258 1049 1353 deceptus
1062 1275 1097 1327 et
1108 1283 1227 1353 exspes
1306 1275 1346 1331 5ο

284 1366 520 1466 Nequidquam
532 1369 640 1438 fundo
653 1373 801 1463 suspiret
811 1393 974 1440 nummus
987 1371 1112 1440 inimo.

329 1481 362 1548 Si
373 1479 434 1548 tibi
447 1497 592 1550 crateres
605 1484 735 1573 argenti
746 1484 933 1577 incusaque
946 1483 1064 1574 pingui

282 1594 374 1657 Auro
384 1589 475 1659 dona
486 1591 608 1675 ferum,
621 1590 737 1675 sudes,
749 1608 784 1661 et
794 1609 930 1685 pectore
942 1589 1028 1660 laevo

283 1706 439 1770 Excutiet
450 1719 561 1796 guttas
572 1703 680 1772 laetsri
691 1703 935 1798 praetrepidum
947 1726 1016 1772 cor.

282 1815 372 1882 Hinc
382 1813 468 1881 illud
480 1813 598 1897 subiit,
610 1838 694 1882 suro
707 1838 819 1884 sacras
831 1814 923 1910 quod
935 1830 1034 1882 ovato

282 1923 441 1992 Perducis
454 1925 556 1994 facies
569 1951 576 1991 :
589 1948 669 1992 num
682 1925 804 1994 fratres
816 1928 904 1994 inter
915 1923 1061 2006 ahenos,

280 2140 403 2202 tiuntur
419 2143 503 2204 Deos
518 2144 577 2204 tibi
594 2143 762 2204 concedere
780 2145 942 2204 sanitatem
955 2163 1051 2225 quum
1067 2142 1160 2223 petis,
1177 2154 1207 2202 et
1225 2142 1337 2202 lovem

279 2239 449 2323 probibent
459 2265 499 2304 ne
510 2244 591 2304 votis
603 2242 742 2304 accedat.

316 2336 368 2416 dd.
389 2341 591 2403 detumulare
598 2361 672 2424 opes
680 2353 821 2421 exoptes,
832 2337 965 2419 ideoque
973 2335 1120 2398 immolas
1127 2336 1236 2412 boves,
1248 2334 1336 2398 oble·

277 2437 378 2519 tisque
389 2439 587 2500 victimarum
598 2439 688 2514 extis,
700 2437 890 2498 Mercurium
900 2437 959 2496 tibi
969 2437 1015 2496 vis
1025 2433 1206 2510 conciliare,
1220 2438 1261 2496 sic
1269 2455 1335 2516 pre-

279 2547 379 2595 catus:
392 2535 456 2613 fec,
467 2539 619 2612 Mercuri,
640 2537 751 2598 domus
764 2537 803 2595 sit
815 2534 989 2596 fortunate!
1006 2532 1148 2594 Concede
1161 2553 1291 2616 pecora,
1305 2547 1337 2594 et

278 2632 423 2713 gregibus
443 2633 696 2696 loecunditateml
717 2635 757 2693 At
776 2653 867 2708 vero,
887 2632 1098 2714 ineptissime,
1119 2629 1280 2712 quomodo
1301 2631 1334 2690 id

279 2729 383 2809 ipsum
401 2727 469 2790 fieri
488 2744 604 2812 potest,
623 2729 702 2791 dum
721 2743 781 2790 tam
798 2727 906 2790 multas
921 2728 1010 2790 coedt‘s
1022 2725 1184 2808 juvencas,
1201 2746 1334 2810 quarum

279 2825 424 2887 intestina
442 2829 514 2909 igue
531 2828 693 2890 solvantur
710 2839 741 2889 et
757 2823 939 2909 liquefient?
952 2823 1012 2888 Sed
1015 2827 1133 2908 frustm
1143 2825 1260 2908 loquor5
1278 2827 1334 2886 iste

277 2922 486 2987 ntnilominus
495 2928 699 2988 conaturvoti
707 2927 807 2986 victor
815 2945 877 2984 esse
886 2925 1064 3006 perviscera
1071 2935 1102 2984 et
1109 2925 1226 3007 pingue
1233 2923 1334 2984 libum

277 3023 492 3083 victimarum:
507 3027 578 3086 Jnm
590 3025 708 3086 fundus
724 3024 846 3098 crescit,
862 3024 908 3083 cit
920 3043 1031 3098 secum,
1049 3019 1116 3103 jam
1134 3024 1241 3082 ovium
1259 3043 1333 3103 grex

278 3132 423 3200 nugetur3
432 3141 505 3180 mox
515 3123 613 3183 aderit
622 3122 706 3205 quod
714 3135 804 3203 opt03
816 3141 885 3180 ecce
890 3165 900 3195 ,
908 3141 976 3181 ecce
987 3120 1113 3182 adest...
1124 3121 1222 3202 Atque
1230 3123 1270 3180 ita
1279 3118 1334 3180 sibi

270 3215 355 3300 falso
364 3215 541 3299 protelatur,
553 3220 655 3282 donec
665 3239 814 3280 nummus
824 3241 841 3280 e
850 3217 994 3302 plurimis
1003 3217 1158 3300 reliquus,
1172 3231 1203 3278 et
1212 3215 1334 3278 defrau-

279 3315 384 3396 datus,
400 3330 432 3377 et
442 3339 496 3400 spe
508 3317 669 3380 destitutus
686 3318 800 3380 frustra
816 3318 998 3399 ingemiscat
1015 3318 1049 3377 in
1065 3315 1177 3377 infimo
1194 3335 1272 3376 erere
1283 3335 1329 3376 ex·

280 3412 398 3476 baustae
414 3416 527 3478 fundo.

320 3512 368 3572 52.
390 3514 420 3572 Si
432 3514 491 3573 tibi
503 3525 623 3596 pateras
635 3525 793 3595 argenteos
804 3528 834 3575 et
845 3534 976 3576 munero
988 3534 1024 3574 ex
1039 3531 1116 3572 euro
1126 3510 1226 3572 solido
1236 3508 1332 3570 fabri·

279 3625 347 3674 csta
357 3613 539 3690 obtulerim,
549 3627 584 3674 tu
594 3616 698 3674 statim
708 3634 773 3698 pres
783 3615 899 3696 gaudio
909 3613 1049 3688 sudabis,
1060 3623 1091 3674 et
1099 3633 1153 3672 cor
1163 3631 1333 3695 properans

280 3711 378 3773 laetari
388 3713 520 3771 excutiat
528 3711 585 3770 tibi
598 3723 701 3792 guttas
712 3710 833 3772 sudoris
846 3713 879 3771 in
890 3712 1013 3771 sinistra
1025 3721 1110 3791 parte
1122 3709 1254 3791 pectoris
1267 3731 1274 3766 ι
1289 3707 1333 3766 Ex

281 3830 328 3886 eo,
340 3810 420 3892 quod
427 3831 500 3872 auro
513 3813 554 3872 ita
563 3813 763 3885 commoveris,
775 3812 903 3872 venitin
913 3821 1048 3870 mentem
1059 3808 1252 3869 sanctissima
1261 3806 1333 3866 deo-

281 3931 351 3970 rum
366 3909 531 3972 simnlncra
547 3911 702 3973 obducere
716 3931 793 3970 auro
808 3933 844 3971 ex
859 3909 938 3972 hoste
956 3918 1064 3989 capto,
1082 3920 1113 3967 et
1129 3903 1331 3989 triumphato.

281 4005 401 4068 Scilicet
409 4010 621 4072 intercaeteros
628 4007 825 4071 somniorum
835 4008 909 4068 deos
919 4025 978 4066 oere
988 4002 1087 4077 fusos,
1099 3999 1215 4062 bisunt
1227 3998 1334 4084 praeci·
